3410 5104
699 507 873 572 ..37-

198 723 275 786 554.
301 724 357 785 καί
372 731 483 805 πρῶτα
499 723 536 805 δὴ
552 725 591 784 τά
614 721 782 806 σπλάγχνα
806 730 868 785 τῶν
892 720 1072 806 ἀνθρώπων
1098 720 1302 805 συστρέφεται
1317 722 1374 785 καί

198 839 279 900 τοῖσι
309 829 466 913 καύμασιν
500 828 646 892 ἐκλύεται
673 865 708 888 =
738 828 863 891 viscera
896 832 1088 911 torquentur
1123 823 1171 908 [=
1200 827 1372 910 torrentur]

198 937 301 1021 primo
332 936 535 1019 flammisque
571 935 732 999 fatiscunt.
782 935 856 998 556.
892 934 1103 1019 tepidisque.
1130 983 1137 996 .
1162 931 1277 1014 ventis]
1312 945 1373 1000 τῶν

197 1042 322 1128 φλεβῶν
369 1042 606 1127 ξηραινομένων.
670 1042 793 1106 arentia
840 1062 902 1104 orn.
967 1041 1039 1105 559.
1087 1039 1184 1122 nuda]
1239 1040 1372 1126 σκληρά.

200 1152 274 1214 564.
306 1148 417 1234 utque]
446 1149 511 1213 καί.
560 1150 634 1213 569.
664 1151 719 1212 καί
748 1151 784 1212 ού
811 1148 961 1234 πρότερον
989 1149 1010 1233 ἡ
1041 1148 1117 1231 δίψα
1145 1149 1295 1213 πινόντων
1323 1150 1372 1212 έσ-

199 1257 311 1342 βεσται
334 1259 406 1340 πρὶν
430 1258 450 1341 ἡ
476 1257 551 1341 ζωή.
600 1258 673 1320 576.
702 1255 918 1341 κρυπτομένης
944 1259 1004 1340 γάρ
1032 1266 1086 1339 τῆς
1115 1256 1215 1331 αἰτίας
1239 1257 1255 1320 ό
1278 1255 1373 1332 τόπος

199 1363 324 1450 δέχεται
358 1365 417 1447 τὴν
452 1363 651 1448 κατηγορίαν.
698 1363 773 1427 580.
802 1366 858 1426 καί
893 1363 934 1446 δὴ
961 1365 1018 1438 τάς
1050 1371 1155 1447 χεῖρας
1193 1365 1269 1447 πρὸς
1302 1364 1373 1438 τοὺς

200 1471 335 1556 ἀστέρας
357 1481 412 1534 τοῦ
436 1467 632 1554 ἐπικειμένου
661 1470 810 1534 τείνουσιν
835 1472 977 1553 ούρανοῦ.
1035 1465 1145 1551 58213.
1167 1469 1196 1532 τί
1222 1492 1272 1554 μοι
1291 1491 1372 1554 τηνι-

198 1588 300 1643 καῦτα
324 1588 379 1662 τῆς
403 1578 505 1661 ψυχῆς
528 1578 584 1663 Im
608 1578 629 1660 ῆ
654 1577 683 1640 τί
707 1596 757 1662 μοι
780 1587 939 1660 προσεῖναι
963 1577 1035 1653 ἔδει,
1060 1579 1107 1640 ότι
1135 1577 1178 1661 μὴ
1207 1577 1265 1659 τὴν
1288 1576 1372 1659 ζωὴν

196 1696 327 1770 μισῆσαι
350 1685 420 1748 κτλ.
461 1685 535 1748 589.
561 1682 643 1766 tulit]
670 1684 817 1749 δέδωκεν.
858 1685 932 1748 608.
957 1685 989 1748 in
1014 1685 1094 1748 altos
1118 1705 1180 1747 om.
1221 1684 1294 1748 612.
1310 1692 1372 1747 τῶν

196 1793 315 1856 τέκνων
355 1814 390 1856 τε
429 1793 486 1855 καί
515 1793 648 1874 ἀνδρῶν.
703 1791 776 1854 613.
811 1794 867 1855 καί
895 1794 965 1855 οὔτε
999 1791 1092 1868 τόπος
1125 1791 1201 1875 πρὸς
1240 1789 1372 1876 τύμβους

199 1901 356 1984 ἀποχρῆν.
406 1900 479 1963 616.
506 1896 602 1979 dieta]
626 1897 712 1962 πότε.
761 1901 834 1962 619.
864 1904 937 1982 post
962 1897 1142 1979 „seeundo“
1168 1920 1232 1961 non
1256 1899 1371 1982 interp.

198 2008 273 2070 621.
299 2004 536 2090 quod-omen]
567 2009 587 2068 ἀ
613 2028 662 2090 μοι
686 2008 741 2069 καί
765 2003 807 2081 ὡς
834 2006 961 2090 ἀγαθῆς
988 2007 1089 2090 ὀμφῆς
1117 2005 1248 2091 ἐνέχυρα
1278 2005 1371 2089 δοίης.

200 2115 273 2177 624.
303 2112 442 2197 agmine]
480 2113 613 2197 τάγματι
645 2150 681 2172 =
713 2113 850 2196 agmine.
861 2111 915 2191 12⁹)
962 2112 1025 2176 635
1051 2135 1112 2197 sq.:
1146 2113 1200 2176 καί
1235 2135 1285 2197 μοι
1312 2115 1372 2195 πρὸ

196 2221 375 2306 ὀφθαλμῶν
398 2221 419 2304 ἡ
444 2221 521 2302 αὐτη
547 2222 619 2305 δρῦς
641 2227 785 2304 παρεῖναι
808 2223 864 2284 καί
887 2221 1011 2284 τοσοίδε
1039 2221 1151 2284 κλάδοι
1181 2222 1234 2283 καί
1257 2219 1373 2284 τοσάδε

198 2329 266 2406 ζῶα
289 2337 353 2404 τοῖς
376 2328 489 2412 ἑαυτῆς
513 2328 641 2404 κλάδοις
666 2327 770 2412 φέρειν
793 2328 907 2392 ἐδόκει.
941 2328 1015 2391 639.
1039 2327 1212 2392 κάντεῦθεν
1228 2327 1372 2410 ἐξαίφνης

197 2435 341 2513 αὐξάνειν
364 2445 456 2500 τοῦτο
480 2436 643 2498 δοκεῖκαὶ
667 2435 772 2519 μεῖζον
797 2436 909 2499 ἑαυτοῦ
933 2435 1089 2519 γίνεσθαι.
1128 2435 1202 2496 646.
1220 2434 1284 2495 iam
1309 2455 1370 2496 orn.

200 2544 273 2605 656.
299 2542 523 2626 φειδωλότερον
546 2541 635 2625 γένος
662 2541 719 2606 εἰσί
743 2545 797 2605 καί
821 2542 1001 2626 φερέπονον.
1049 2543 1122 2604 662.
1147 2561 1221 2624 pers
1245 2538 1370 2622 ultime]

196 2652 233 2713 τό
256 2648 414 2713 πλεῖστον.
462 2649 536 2712 668.
566 2650 598 2712 in
627 2647 748 2730 limine]
789 2652 925 2734 τοῦνομα
953 2648 1078 2723 Φῶκος.
1127 2648 1201 2710 674.
1230 2647 1284 2709 ille
1308 2668 1369 2710 om.

197 2758 300 2832 αὐτοῖς
323 2755 396 2818 add.
443 2753 555 2838 687s8.
581 2757 597 2820 ό
622 2757 657 2818 δὲ
680 2755 836 2840 Κέφαλος,
861 2759 941 2840 άπερ
970 2758 1087 2830 ἐκεῖνος
1115 2756 1247 2830 ἀπαιτεῖ,
1272 2755 1371 2837 ἀπαγ-

152 2947 155 2952 A
196 2861 317 2946 γέλλει·
340 2867 380 2927 τά
396 2864 491 2928 λοιπά
515 2859 551 2940 δ’,
570 2863 803 2950 αἰσχυνόμενος,
824 2865 902 2928 τίσιν
920 2863 1031 2940 ἀθλοις
1046 2859 1129 2927 τοῦτ’
1146 2862 1249 2947 ἔλαβε,
1268 2872 1372 2946 σιωπᾷ

196 2973 252 3033 καί
275 2971 405 3054 δηχθείς
427 2980 466 3054 τῆ
494 2971 586 3055 ὀδύνη
620 2981 674 3054 τῆς
702 2970 900 3048 ἀπολωλυίας
928 2974 1085 3055 γυναικός,
1111 2972 1190 3032 ούτω
1226 2968 1371 3054 δακρύων

195 3076 418 3142 ἀναδοθέντων
435 3077 559 3161 διεξῆει.
596 3079 670 3141 697.
687 3073 869 3163 Ἐρεχθεύς.
902 3079 976 3142 699.
995 3075 1138 3159 nuthet.
1172 3077 1246 3140 702.
1260 3072 1370 3161 Ὑμητ-

195 3193 261 3248 τοῦ.
309 3183 384 3246 703.
409 3185 496 3248 lutea
520 3206 582 3248 om.
631 3186 705 3248 710.
730 3187 784 3248 καί
807 3188 863 3262 τάς
890 3185 1015 3270 πρώτας
1037 3185 1174 3261 σπονδὰς
1194 3187 1249 3260 τὰς
1272 3205 1370 3247 κατα-

196 3290 399 3375 λελειμμένας
432 3289 556 3376 διέξειμι
591 3292 701 3376 κοίτης
731 3288 843 3376 [sicIII.
892 3294 966 3355 726,
998 3291 1084 3376 μόλις
1113 3291 1147 3355 δέ
1176 3313 1226 3376 μοι
1255 3291 1371 3375 μυρίοις

197 3397 299 3473 δόλοις
322 3401 399 3482 πρὸς
422 3402 478 3482 τὴν
502 3394 675 3484 Ἐρεχθίδα
701 3399 829 3482 γέγονεν
852 3401 983 3475 εἴσοδος.
1032 3398 1143 3478 73011.
1169 3401 1190 3484 ῆ
1212 3394 1239 3461 δ’
1262 3397 1369 3481 ῆλγει·

197 3505 281 3568 ἀλλὰ
304 3507 358 3568 καί
375 3506 417 3582 ὣς
440 3504 598 3569 οὐκέστιν
619 3507 686 3589 ἥτις
704 3507 826 3590 ἐκείνης
842 3504 983 3570 καλλίων
1009 3506 1135 3570 ἐδύνατο
1159 3509 1251 3569 εἶναι·
1275 3514 1313 3588 τῆ
1336 3526 1370 3568 τε

194 3614 257 3697 γάρ
292 3612 376 3696 λύπη
406 3615 460 3676 καί
487 3622 526 3698 τῆ
553 3623 608 3676 τοῦ
644 3611 834 3698 ἁρπαγέντες
870 3615 978 3699 ἀνδρός
1014 3613 1167 3697 ἐπιθυμίᾳ
1201 3611 1368 3689 ἐξεκαίετο.

198 3714 310 3802 73516.
335 3719 378 3784 ένί
402 3721 503 3804 έγωγε
527 3730 736 3806 συντηροῦμαι
759 3723 837 3786 ὅπου
861 3717 928 3784 ποτ’
954 3721 1052 3785 ἐστίν·
1077 3720 1119 3784 ἑνί
1151 3723 1207 3796 τάς
1236 3719 1370 3803 ἐμαυτῆς

194 3826 314 3909 ηδονάς
353 3837 503 3911 συντηρῶ.
552 3825 686 3908 739140.
724 3826 949 3911 dum—coegi]
989 3827 1058 3891 τότε
1081 3828 1118 3910 δὴ
1150 3827 1235 3910 δῶρα
1258 3824 1369 3889 δώσειν

197 3935 413 4019 ὑπισχνοῦμαι.
446 3932 558 4018 Λόγοις
573 3935 675 3999 τοίνυν
691 3934 818 4019 θέλγων
841 3937 897 3998 καί
920 3945 981 4010 τοῖς
1005 3933 1113 4018 δώροις
1128 3932 1367 4017 προσεπιτιθείς,

288 4112 349 4175 129)
368 4109 408 4164 01.
433 4109 529 4166 11449
552 4111 613 4161 οὔτε
635 4112 724 4176 πρώτη
747 4111 844 4172 παντὸς
861 4105 893 4176 ἧν
911 4113 958 4160 τού
976 4112 1119 4176 τάγματος,
1143 4108 1182 4163 III
1206 4110 1257 4161 242
1281 4109 1369 4173 τάγμα

194 4199 376 4264 οιερεύιζουσι,
396 4214 462 4254 cum
482 4199 563 4255 nullo
586 4199 650 4255 loco
674 4198 745 4254 ordo
772 4199 814 4254 sic
837 4199 978 4267 vertatur,
998 4197 1034 4254 ct.
1053 4197 1079 4252 II
1100 4199 1160 4266 109,
1186 4200 1244 4265 168,
1267 4195 1369 4263 11134,

195 4286 220 4341 V
240 4290 301 4356 335,
321 4287 358 4342 VI
378 4289 439 4356 277,
460 4288 510 4344 VII
524 4291 585 4355 650,
605 4287 671 4343 VIII
692 4291 751 4356 189,
770 4291 831 4355 389,
851 4290 912 4356 747,
931 4288 970 4343 IX
983 4291 1008 4356 5,
1027 4290 1088 4356 439,
1106 4285 1146 4341 111
1165 4289 1208 4354 96,
1226 4287 1288 4354 462,
1307 4287 1367 4345 755.

194 4375 261 4434 XIII
283 4379 342 4441 152,
364 4380 422 4445 161,
441 4376 491 4432 XV
509 4379 570 4434 733.
