3410 5104
828 481 1049 555 ..30-

352 706 457 770 ἵππον.
505 705 729 789 quo—urbem
759 727 821 770 om.
874 707 926 772 90.
958 704 1156 792 Pygmaeae]
1187 707 1337 793 πηγαίας.
1386 710 1437 772 99.
1471 729 1537 794 po-

352 811 501 896 pulisque
525 809 604 894 suis]
629 815 685 877 καί
700 822 764 890 τοῖς
787 813 874 890 ἰδίοις
897 813 998 878 παισί.
1040 815 1091 878 98.
1116 817 1169 878 τόν
1193 814 1347 901 Κινάραν.
1389 818 1439 880 99.
1460 825 1538 892 ταῖς

352 941 386 982 τε
409 929 464 983 τοῦ
489 929 566 984 ναοῦ
590 919 726 1005 βαθμίσι
753 923 810 984 καὶ
836 929 900 997 τοῖς
928 920 1035 1006 μέλεσι
1056 929 1118 986 τῶν
1145 923 1258 987 ἑαυτοῦ
1287 920 1407 988 παίδων
1436 944 1536 1006 περι·
1653 937 1655 942 ·

352 1025 554 1111 πλεκόμενος.
599 1027 670 1090 107.
688 1023 853 1108 reducere]
879 1027 922 1104 εἰς
937 1027 1077 1093 τούπίσω
1102 1030 1232 1095 διδόναι.
1279 1033 1346 1092 111.
1369 1026 1534 1114 implerit]

263 1183 266 1190 .
352 1133 533 1218 προσέθετο
557 1135 613 1198 καί
636 1132 916 1217 ὡς...πλήσειε.
968 1135 1285 1222 114.Μνημοσίινην.
1329 1132 1535 1201 116.Ἐνιπ-

352 1243 436 1317 πεύς.
488 1244 560 1304 117.
589 1243 661 1317 τοὺς
692 1239 858 1316 Ἀλωάδας
885 1250 1008 1325 γεννᾷς.
1055 1243 1114 1326 τήν
1142 1241 1324 1309 Βισαλτίδα.
1376 1245 1436 1308 118
1463 1266 1533 1329 sq.:

351 1351 432 1432 έγνω
457 1348 490 1412 δέ
515 1370 552 1412 σε
576 1347 618 1424 ὡς
641 1349 737 1412 ίππον
753 1349 809 1411 καί
832 1348 853 1432 ή
877 1351 949 1424 τοὺς
973 1347 1059 1432 ὄφεις
1074 1349 1315 1437 περιεζωσμένη
1332 1361 1387 1414 τοῦ
1403 1361 1534 1434 πτηνοῦ

354 1456 459 1542 μήτηρ
483 1458 601 1519 ἵππου
628 1457 708 1540 ἔγνω
733 1477 771 1518 σε
794 1458 851 1520 καί
875 1455 916 1532 ὡς
940 1455 1072 1540 δελφῖνα
1095 1458 1116 1542 ή
1141 1456 1315 1523 Μελανθὼ.
1365 1461 1437 1522 194.
1455 1457 1534 1522 Μα-

351 1564 481 1648 κρηίδα.
529 1559 633 1644 Issen]
657 1564 739 1627 ἴασιν
769 1563 808 1626 Α.
840 1563 957 1646 ίάσσην
987 1562 1023 1626 Β.
1074 1567 1145 1630 195.
1171 1562 1346 1648 Erigonen]
1371 1565 1531 1650 ήριώνην.

355 1672 426 1735 198.
452 1667 650 1751 intertextce]
676 1678 816 1755 συμμιγῆ
837 1699 873 1720 =
888 1671 1097 1736 intermixtoe
1148 1672 1220 1736 139.
1246 1675 1310 1736 ἀπό
1333 1682 1388 1736 τοῦ
1408 1671 1533 1756 Κυθη-

353 1788 466 1862 ριακοῠ
490 1781 590 1862 ὄρους.
642 1777 713 1840 133.
738 1777 905 1842 Arachnes
934 1800 995 1842 orn.
1047 1780 1120 1844 165.
1146 1780 1212 1843 ἰδοὺ
1241 1779 1276 1843 δέ
1300 1781 1356 1843 καὶ
1379 1781 1400 1866 ή
1421 1777 1530 1866 Νιόβη

351 1886 607 1970 περιφανεστάτη
639 1894 682 1970 τῷ
714 1885 804 1971 δήμῳ
835 1896 897 1950 τῶν
927 1886 1049 1951 παίδων
1074 1889 1161 1950 είσιν,
1212 1889 1283 1951 179.
1308 1887 1437 1951 moenie
1460 1909 1529 1950 cm.
1664 1921 1665 1936 ι

352 2015 414 2076 qne
437 1994 571 2076 viroque
595 2015 657 2056 cnr.
708 1995 781 2057 184.
807 1989 949 2074 laudem]
977 1993 1125 2079 ἀφορμήν
1143 2024 1176 2044 =
1200 2015 1340 2058 causam.
1390 1996 1463 2059 199.
1487 2005 1530 2080 τή

351 2097 380 2162 δ’
412 2101 555 2187 ἡμετέρᾳ
595 2102 709 2186 γαστρὶ
750 2101 987 2178 πενταπλάσιος
1025 2104 1115 2178 οὗτος
1153 2103 1170 2167 ό
1210 2103 1348 2188 ἀριθμός
1386 2102 1527 2188 προύβη.

352 2209 416 2271 900
441 2230 503 2272 cm.
551 2211 625 2274 901.
650 2209 696 2272 ἴτε
725 2209 765 2291 δή
795 2210 893 2294 τάχος
921 2210 996 2274 ὅσον
1024 2211 1080 2272 καί
1108 2210 1167 2293 τήν
1195 2211 1318 2294 δάφνην
1342 2219 1399 2294 τῆς
1422 2209 1530 2295 κόμης

351 2315 531 2379 ἀπόθεσθε.
580 2317 654 2381 904.
680 2316 730 2380 ad.
763 2315 862 2396 „dea“
894 2317 982 2380 add:
1012 2315 1054 2393 ὡς
1084 2319 1122 2382 άν
1149 2339 1194 2394 τις
1222 2320 1281 2381 οὐκ
1310 2319 1407 2394 άπαις
1430 2319 1526 2381 οὖσα.

351 2425 426 2485 919.
452 2421 734 2507 quod—reccidat]
760 2424 835 2488 όσον
858 2427 893 2487 τό
912 2419 961 2486 ἐπ’
979 2425 1078 2508 αὐτὴν
1095 2424 1218 2490 πίπτον.
1267 2427 1341 2488 915.
1365 2421 1478 2506 “παῦε’,
1497 2420 1528 2487 δ’

351 2531 367 2594 ό
400 2529 516 2616 Φοῖβος
548 2533 625 2608 είπε,
649 2523 812 2614 μέλλησις
844 2531 905 2615 γὰρ
938 2540 996 2615 τῆς
1027 2528 1188 2616 τιμωρίας’
1215 2530 1301 2596 εἶπεν
1335 2529 1380 2595 ‘cd
1414 2534 1526 2616 μακρὰ

349 2637 469 2721 γίνεται
504 2639 734 2723 ἀγανάκτησις.
783 2640 856 2702 919.
889 2637 988 2723 equis]
1025 2639 1148 2702 ὕδασιν.
1198 2634 1309 2723 99943.
1339 2640 1402 2724 καίΙ
1423 2637 1527 2724 Τυρίᾳ

350 2747 497 2832 πορφύρᾳ
521 2746 734 2832 κεχρωσμένα
758 2746 955 2812 καλύπτουσι
978 2750 1016 2810 τὰ
1041 2747 1222 2832 μετάφρενα
1239 2748 1294 2810 καί
1316 2750 1388 2823 τοὺς
1410 2748 1526 2822 ἵππους

352 2853 496 2918 ίθόνουσι
507 2863 617 2939 χρυσῷ
635 2853 782 2939 βρίθουσι
797 2853 946 2939 χαλινοῖς.
980 2854 1055 2917 931.
1069 2854 1161 2918 frene
1174 2851 1284 2935 dabat]
1302 2853 1413 2916 δίδωσι
1426 2862 1522 2918 νῶτα.

351 2962 425 3024 934.
446 2964 527 3024 οὕτω
556 2965 611 3036 τὰς
639 2961 727 3046 ήνίας
750 2961 897 3026 ἐνεδίδου.
945 2957 1055 3046 Ὅμως
1084 2959 1112 3024 δ’
1139 2964 1234 3026 αὐτόν
1264 2964 1404 3046 ἄφυκτον
1433 2960 1525 3046 βέλος

351 3068 467 3133 διώκει.
514 3067 588 3130 937.
614 3089 672 3152 per
696 3068 778 3132 colla
801 3065 954 3149 admisse]
980 3069 1032 3132 διὰ
1054 3077 1116 3133 τῶν
1132 3077 1188 3132 τοῦ
1208 3070 1306 3131 ίππου
1321 3077 1452 3153 κνημῶν
1469 3069 1522 3130 έκ-

349 3175 535 3259 τεινομένων
565 3205 598 3224 =
627 3197 685 3260 per
712 3197 806 3239 crura
835 3175 983 3240 admissa.
1033 3177 1106 3239 948.
1132 3172 1311 3260 Alphenor]
1340 3169 1522 3260 Ἐλπήνωρ.

349 3282 424 3345 949.
465 3281 607 3365 advolet]
651 3284 778 3346 ίπταται
820 3291 864 3368 τῷ
906 3284 1006 3368 τάχει.
1017 3281 1070 3363 ¹⁰⁶)
1134 3282 1208 3346 953.
1247 3282 1280 3346 in
1325 3303 1419 3346 auras
1458 3303 1521 3346 orn.

350 3389 424 3452 954.
439 3388 682 3474 Δαμασίχθονα.
717 3385 850 3473 959760.
869 3388 999 3472 ἑξὼσθη
1017 3399 1108 3453 τοῦτο
1124 3398 1168 3474 τῷ
1182 3391 1290 3474 αἵματι
1304 3410 1310 3422 ’
1334 3393 1370 3452 τό
1387 3385 1416 3453 δ’
1432 3391 1522 3474 αίμα,

350 3497 393 3573 είς
408 3497 487 3579 ὕψος
503 3496 697 3560 ἀκοντισθέν
713 3498 769 3560 καὶ
785 3500 840 3581 τήν
859 3499 961 3580 αὔραν
978 3497 1184 3580 διατορήσαν,
1200 3495 1309 3581 πόρρω
1323 3495 1520 3582 πεπήδηκεν.

350 3600 462 3687 969β3.
487 3605 543 3666 καί
573 3599 607 3665 ’ὢ
632 3599 712 3668 θεο1’
736 3613 827 3687 κοινή
852 3605 975 3680 πάντας
999 3607 1094 3682 εἶπεν,
1120 3606 1244 3688 ἀγνοῶν
1268 3604 1310 3680 ὡς
1333 3607 1370 3667 οὐ
1393 3605 1521 3667 πάντων

350 3710 480 3774 δεῖσθαι
507 3713 622 3796 χρεὼν,
653 3707 832 3776 ’πείδεσθεῖ
880 3713 992 3793 97617.
1015 3710 1260 3794 eet-incumbit]
1286 3723 1339 3776 νῦν
1360 3707 1389 3775 δ’
1409 3713 1521 3794 οἰκτρὰ

349 3819 411 3882 κάν
443 3819 574 3904 ἐχθροῖς
610 3821 723 3906 ψυχρῷ
755 3819 922 3884 κατέκειτο
958 3829 1082 3906 σῶματι
1112 3819 1179 3882 κτλ.
1229 3821 1303 3884 979.
1337 3841 1356 3883 a
1390 3815 1520 3904 quibus]

351 3921 425 4010 μεθ’
454 3929 483 4003 ά,
517 3949 560 3990 sc.
592 3927 766 4012 φιλήματα.
814 3927 947 3992 liventia
981 3924 1144 4008 bracchia]
1182 3927 1367 4012 νεμεσώσας
1402 3935 1518 4012 χεῖρας.

349 4033 410 4096 981
453 4055 537 4118 sqq.:
581 4037 638 4098 καὶ
680 4045 744 4110 τοῖς
785 4035 949 4120 ἡμετέροις
988 4033 1121 4118 θρήνοις
1163 4037 1198 4097 τό
1238 4042 1359 4118 σαυτης
1399 4032 1521 4116 στῆθος

348 4185 561 4193 —-.——-

439 4281 500 4349 106)
521 4282 595 4349 Quid
615 4283 727 4352 legerit,
748 4285 855 4352 nescio,
869 4284 1041 4354 praesertim
1055 4299 1120 4339 curn
1141 4283 1153 4337 1
1167 4285 1227 4352 964,
1240 4284 1287 4334 καὶ
1300 4284 1314 4333 ό
1327 4283 1413 4343 Νότος
1427 4282 1519 4348 ὑγραῖς

347 4373 453 4427 ἵπταται
471 4376 582 4439 πτέρυξι,
601 4373 630 4427 in
652 4373 734 4428 codd.
755 4373 953 4444 discrepantia
972 4375 1036 4428 exst
1054 4375 1074 4430 t.
