3410 5104
834 487 1010 550 ...96-

336 702 410 765 201.
437 703 510 765 200.
537 722 561 764 ε.
603 702 676 764 202.
707 702 781 765 201.
807 699 845 763 Ο.
887 702 961 765 201.
991 721 1053 764 om.
1078 700 1109 763 h.
1150 701 1223 765 200.
1256 702 1331 766 201.
1361 701 1434 764 202.
1463 736 1505 745 -

334 807 409 872 219.
444 807 549 893 gestu]
578 809 671 872 0100.
708 809 830 892 gemitu
854 809 923 872 rell.
959 809 1100 894 νεύμασι.
1126 842 1167 852 —-
1204 806 1278 870 233.
1315 807 1390 871 1000
1412 806 1506 871 Lami

333 919 476 979 veterem
498 915 738 1001 Laestrygonis,
771 917 886 1001 inquit,
919 918 952 980 iu
976 914 1103 998 urbem]
1137 915 1212 979 iude
1244 915 1327 979 imas
1359 919 1505 978 veterum

332 1020 417 1086 laeta
453 1023 646 1106 cognoscim'
682 1023 795 1087 urbem
818 1023 860 1087 M.
908 1023 988 1088 lude
1022 1023 1111 1088 lamii
1141 1021 1172 1102 (i.
1202 1044 1226 1086 r.
1257 1043 1296 1086 ex
1331 1043 1413 1094 corr.
1448 1019 1505 1101 N²)=

332 1134 475 1193 veterem
508 1130 692 1215 lestrigonis
715 1131 820 1216 inquit
842 1131 875 1195 in
901 1129 933 1213 [i.
959 1153 983 1194 r.
1008 1127 1077 1214 N.2]
1105 1129 1219 1194 urbem
1241 1129 1281 1193 N.
1327 1129 1446 1193 veteris
1473 1129 1503 1192 h.

331 1236 449 1300 laetam
478 1238 701 1323 cognoscimus
729 1239 842 1302 urbem
868 1261 891 1302 ε.
941 1238 1089 1304 ἐντεῦθεν
1119 1241 1197 1321 πρὸς
1225 1240 1281 1321 τὴν
1309 1247 1364 1300 τοῦ
1391 1235 1505 1322 Λάμου

331 1353 386 1406 τοῦ
409 1341 646 1430 Λαιστρυγόνος
682 1346 822 1432 ἀρχαίαν
856 1346 1003 1431 ἤλθομεν
1036 1344 1137 1410 πόλιν.
1173 1379 1215 1390 -
1251 1345 1326 1408 262.
1362 1339 1503 1428 sublimi]

331 1450 376 1513 sic
400 1470 425 1512 ε.
473 1451 608 1515 solemni
631 1452 700 1516 rell.
749 1453 918 1538 μετεώρου.
959 1489 1000 1496 -
1040 1454 1114 1515 461.
1154 1451 1374 1536 auxiliumque
1412 1448 1504 1536 petit]

331 1556 486 1620 auxilium
509 1558 602 1642 petiit
617 1558 709 1622 codd.
744 1570 799 1624 τοῦ
824 1561 859 1623 δὲ
884 1559 1043 1624 Βενούλου
1066 1561 1124 1634 τὰς
1148 1556 1290 1642 Τούρνου
1314 1558 1505 1636 τελέσαντος

331 1662 461 1740 ἐντολάς
476 1665 533 1727 καὶ
550 1665 735 1751 συμμαχίαν
753 1665 951 1750 αἰτήσαντος.
971 1701 1012 1708 —-
1029 1665 1104 1729 473.
1126 1686 1208 1729 neve
1224 1686 1332 1729 morer
1347 1664 1503 1746 referens]

329 1769 474 1835 referens
502 1769 539 1852 (n
567 1793 607 1836 ex
635 1771 683 1853 m)
710 1772 749 1836 N.
801 1774 941 1838 referam
969 1774 1037 1836 rell.
1080 1775 1132 1837 ἵνα
1168 1773 1204 1836 δὲ
1240 1773 1283 1857 μὴ
1320 1772 1502 1857 βραδύνοιμι

330 1874 462 1954 διεξιών.
490 1913 530 1921 -
555 1879 631 1943 484.
656 1877 785 1961 erroris]
811 1882 941 1945 terroris
966 1880 1057 1944 codd.
1091 1879 1220 1965 πλάνης.
1239 1914 1280 1924 -
1306 1882 1380 1943 015.
1406 1877 1503 1963 cepit}

330 1986 435 2068 coepit
451 1986 542 2049 codd.
578 1985 744 2071 λαμβάνει.
763 2023 803 2031 -
821 1989 895 2052 679.
914 1987 987 2070 sibi]
1001 1987 1059 2050 tibi
1076 1987 1166 2050 codd.
1203 1988 1240 2049 οἵ.
1259 2021 1301 2032 -
1326 1987 1399 2050 700.
1425 1987 1503 2048 ossi-

328 2086 401 2175 bus]
426 2092 472 2156 sio
495 2114 520 2156 ε.
556 2093 687 2178 ignibus
703 2095 771 2158 rell.
807 2104 869 2159 τῶν
893 2095 1002 2159 ὀστῶν.
1029 2129 1069 2138 -
1096 2096 1169 2158 710.
1195 2091 1297 2174 00000]
1318 2092 1386 2157 fere
1409 2093 1503 2156 codd.

329 2208 367 2282 τῇ
394 2198 488 2285 0οροι.
514 2235 556 2244 -
587 2203 662 2264 727.
687 2203 734 2265 tui
758 2199 879 2284 curam]
904 2201 963 2265 tibi
985 2201 1018 2265 M
1041 2201 1071 2264 h.
1120 2201 1199 2264 mihi
1221 2201 1252 2264 N
1276 2222 1300 2264 ε.
1348 2203 1405 2276 τάς
1428 2201 1502 2283 περὶ

329 2315 386 2369 σοῦ
399 2307 577 2391 φροντίδας.
591 2342 634 2352 -
648 2308 722 2372 733.
736 2308 879 2392 ornatos]
893 2309 938 2372 010
952 2331 977 2372 ε.
1006 2309 1153 2373 laudatos
1165 2309 1234 2372 rell.
1264 2307 1499 2392 κοσμηθεῖσαν.

416 2414 524 2498 Atque
546 2414 580 2477 hi
604 2415 734 2498 quidem
761 2416 823 2480 loci
852 2416 971 2480 codicis
993 2415 1021 2479 P
1045 2415 1275 2500 praestantiam
1303 2415 1501 2498 reliquorum

326 2521 491 2598 librorum,
521 2543 604 2606 quae
631 2544 737 2608 neque
771 2524 890 2587 mutari
912 2544 1018 2608 neque
1046 2522 1140 2586 leniri
1170 2528 1284 2608 potest,
1317 2521 1502 2586 ostendunt.

327 2628 391 2692 Sed
415 2629 512 2692 etiam
534 2631 666 2693 nomina
693 2631 834 2715 propria,
860 2652 942 2715 quac
966 2652 986 2694 a
1008 2630 1156 2694 Planude
1184 2637 1270 2694 recte
1298 2628 1519 2709 exhibenturr‘

326 2736 497 2800 emendata
520 2735 561 2800 ab
584 2738 759 2822 interprete
784 2760 854 2803 esse
876 2739 937 2803 viri
960 2739 1046 2802 docti
1069 2743 1273 2822 putaverunt,
1291 2743 1399 2800 tamen
1419 2735 1499 2798 haec

324 2843 487 2907 nonnullis
503 2844 633 2929 quidem
649 2843 729 2909 locis
745 2867 810 2910 000
826 2847 1019 2930 interpretis,
1036 2845 1092 2908 000
1112 2845 1177 2908 iam
1194 2844 1312 2908 codicis
1328 2865 1399 2906 esse
1413 2862 1499 2905 nuuc

324 2951 436 3034 negari
459 2973 525 3014 000
548 2958 662 3036 potest.
715 2952 921 3037 Quantopere
944 2952 1103 3017 Maximus
1132 2952 1173 3015 ab
1202 2952 1288 3016 omui
1318 2948 1500 3034 corrigendi
1588 3005 1590 3007 ,

323 3057 489 3122 voluntate
513 3058 724 3140 abhorruerit,
742 3061 807 3123 iam
830 3081 928 3144 supra
951 3081 1024 3144 pag.
1047 3062 1153 3143 2000.
1179 3056 1405 3123 demonstravi.
1445 3055 1499 3118 Au

323 3171 418 3249 putas
441 3165 591 3247 eundem,
616 3167 671 3250 qui
696 3165 776 3230 VIII
800 3168 864 3232 823
888 3167 1013 3252 pennis,
1043 3166 1129 3250 quod
1152 3187 1210 3251 pro
1234 3164 1346 3248 poenis
1374 3163 1496 3242 habuit,

323 3272 498 3356 tranquille
520 3273 712 3358 placideque
735 3275 769 3337 iu
792 3273 955 3359 τιμωρίαις
977 3274 1029 3338 vel
1052 3273 1100 3336 VI
1117 3275 1180 3337 210
1204 3272 1300 3336 ὕδασι
1323 3292 1381 3356 pro
1405 3270 1498 3354 equis

322 3379 428 3460 vertit,
452 3378 600 3444 Phoebes
635 3381 782 3446 codicum
804 3380 871 3445 VH
893 3381 956 3445 231
986 3383 1020 3444 10
1048 3379 1165 3465 Βοίβης
1199 3401 1239 3443 ex
1273 3400 1331 3443 suo
1355 3381 1497 3441 mutasse

322 3486 374 3548 vel
414 3484 476 3550 VH
503 3490 566 3551 461
616 3484 873 3571 Ἀστυπάλαιαν,
909 3488 941 3552 Χ
966 3489 1027 3552 221
1069 3486 1294 3571 Πρωπήτιδας,
1334 3482 1402 3548 XII
1432 3485 1498 3546 255

322 3591 471 3676 Πελάτης
505 3615 545 3658 ex
579 3595 777 3678 gravissimis
812 3595 903 3659 codd.
940 3595 1128 3679 corruptelis
1159 3591 1367 3658 emendasse?
1414 3591 1497 3654 Aliis

323 3705 430 3762 autem
453 3701 543 3784 locis,
568 3703 684 3787 quibus
705 3709 760 3766 aut
782 3703 857 3767 libri
871 3703 986 3768 leviter
1009 3703 1151 3787 corrupti
1174 3708 1249 3765 sunt
1264 3707 1320 3764 aut
1335 3699 1375 3762 de
1398 3699 1498 3762 rebus

321 3806 529 3870 nobilissimis
563 3810 678 3892 agitur,
713 3808 895 3873 Planudem
925 3809 1089 3872 hominem
1120 3807 1319 3893 antiquitatis
1350 3803 1500 3869 Graecae

321 3913 577 3999 scriptorumque
600 3923 746 3980 veterum
768 3918 908 4002 peritum
931 3917 1119 3981 emendasse
1143 3915 1275 3979 minime
1297 3910 1449 3997 negem)

411 4109 474 4175 274)
495 4109 635 4166 Omnibus
654 4111 727 4167 locis
745 4115 845 4167 utrum
868 4111 1011 4182 interpres
1031 4109 1194 4166 emendarit
1216 4123 1317 4175 necne,
1336 4103 1493 4161 diiudicari

322 4212 381 4252 non
400 4201 504 4266 potest.
543 4199 644 4268 Neqnc
663 4216 733 4256 vero
752 4216 827 4270 raro,
850 4201 910 4266 ubi,
935 4205 968 4257 ut
991 4202 1181 4271 interpretem
1206 4197 1377 4254 emendasse
1396 4195 1490 4250 arbri-

319 4287 428 4356 tentur,
440 4289 535 4358 magis
548 4289 673 4345 Inclinat
690 4289 814 4345 aliorum
832 4291 957 4359 animus,
975 4289 1121 4346 Planudes
1135 4303 1200 4344 mea
1215 4287 1334 4358 quidem
1347 4283 1493 4341 sententia

321 4375 381 4430 iam
399 4376 430 4431 iu
450 4393 503 4432 suo
525 4377 601 4433 libro
627 4381 708 4435 recta
726 4380 817 4436 verba
834 4380 957 4449 invenit,
976 4382 1017 4449 ut,
1041 4395 1077 4435 ne
1096 4377 1229 4448 pluribus
1253 4375 1394 4446 exemplis
1417 4375 1493 4440 utar⁷
