3410 5104
830 514 1004 578 ..73-

331 728 409 794 535.
447 726 518 814 ope]
543 727 714 814 φαρμάκῳ.
764 728 837 792 537.
863 726 1015 814 Cynthia]
1037 726 1197 816 Ἄρτεμις.
1245 733 1318 794 541.
1357 729 1410 814 an]
1436 731 1501 795 καί.

330 836 407 900 546.
434 832 579 916 numine]
604 837 666 898 ύπὸ
680 839 717 898 τό
733 837 843 920 ὄνομα.
892 837 965 900 546.
991 857 1165 902 accenseor
1179 835 1236 919 illi]
1262 841 1371 914 εὔνους
1394 838 1517 923 ἐκείνη·

330 940 543 1025 διατελῶ.751)
595 943 669 1006 548.
701 940 778 1006 ἀλλ’
816 943 850 1006 ἐν
887 951 931 1028 τῷ
970 945 1184 1029 ταπεινοτάτῳ
1223 953 1281 1027 τῆς
1317 955 1373 1008 τοῦ
1411 948 1503 1030 ὄρους

330 1050 460 1136 κειμένη
496 1049 593 1135 ῥίζης.
646 1048 720 1114 549.
750 1051 870 1134 pietate
905 1051 1041 1116 dolentis
1076 1050 1173 1133 mota]
1208 1061 1252 1137 τῷ
1287 1055 1367 1136 πρὸς
1402 1053 1501 1136 αὐτὴν

331 1157 410 1243 ἐλέῳ
446 1158 647 1242 καμφθεῖσα.
708 1158 772 1221 560
800 1179 868 1242 sqq.
904 1159 925 1243 ή
959 1158 1058 1242 ήνίκα
1093 1159 1110 1222 ό
1138 1155 1299 1244 Ῥωμύλος
1332 1161 1367 1223 τὸ
1397 1159 1430 1222 ἐν
1457 1169 1500 1244 τῷ

329 1264 501 1350 Παλατίνῳ
525 1263 613 1349 λόφῳ
641 1264 784 1349 πεπηγός
810 1285 887 1328 ποτε
911 1262 987 1350 δόρυ
1016 1264 1166 1349 ἐξαπίνης
1190 1265 1315 1331 θάλλον
1344 1266 1500 1350 ἑώρακεν,

330 1370 386 1436 ἐπ’
408 1374 577 1456 ἀρτιφυοῡς
602 1371 689 1455 ῥίζης
713 1371 891 1456 ἱστάμενον,
917 1370 994 1435 ἀλλ’
1020 1375 1079 1436 οὐκ
1107 1374 1158 1436 ἐπί
1182 1373 1317 1457 σιδηροῦ
1341 1374 1502 1457 στύρακος

327 1483 374 1544 ἐτι
397 1481 454 1542 καί
477 1481 537 1543 ούκ
561 1481 605 1543 ἐτι
628 1479 785 1564 τυγχάνον
808 1479 917 1556 ὅπλον,
943 1478 1021 1542 ἀλλ’
1035 1481 1184 1565 ἀκαμπὲς
1208 1476 1338 1564 δένδρον
1362 1482 1501 1557 καὶτοῖς

329 1586 603 1672 ἀποθαυμάζουσι
616 1589 711 1651 σκιὰν
730 1587 976 1671 ἀπροσδόκητον
988 1586 1216 1672 παρεχόμενον.
1243 1589 1317 1652 565.
1336 1585 1498 1665 ὁΚίππος.

329 1695 404 1758 569.
430 1691 594 1774 veniebat]
610 1691 795 1778 παρῆκέίέ)
834 1695 908 1758 570.
934 1695 990 1756 καί
1013 1697 1093 1778 πρὸς
1116 1696 1251 1778 ούρανόν
1275 1697 1347 1770 τοὺς
1374 1695 1498 1779 ὀφθαλ-

328 1805 406 1886 μοὺς
441 1801 520 1885 όμού
553 1802 611 1863 καὶ
645 1803 685 1864 τὰ
720 1800 802 1884 κέρα
838 1802 960 1885 διάρας.
1009 1800 1120 1883 57374.
1146 1803 1174 1865 εί
1198 1795 1232 1863 δ’
1256 1803 1395 1886 ἀνιαρόν,
1431 1803 1500 1887 ἐμοί

329 1907 526 1973 ἀπειλείσθω
551 1907 654 1992 μόνον.
688 1905 755 1970 Καί
770 1908 808 1970 ἐκ
831 1907 966 1993 χλωρῶν
984 1907 1093 1993 βώλων
1111 1907 1216 1993 βωμὸν
1241 1907 1365 1992 στήσας
1388 1909 1501 1972 εὐώδει

327 2016 404 2098 πυρί
441 2018 476 2078 τό
514 2024 657 2099 κρεῖττον
696 2013 935 2100 ἐξευμενίζεται.
988 2016 1062 2080 580.
1098 2014 1207 2079 Κίππε
1244 2015 1306 2097 (sio
1345 2014 1497 2100 semper).

327 2121 403 2185 584.
428 2120 662 2205 ποιηηυο]καί.
699 2123 773 2185 587.
799 2121 917 2203 omnia]
944 2122 1089 2207 σύμβολα
1111 2150 1148 2174 =
1170 2123 1287 2186 omina.
1324 2124 1399 2187 592.
1424 2123 1499 2188 forti

326 2251 390 2294 om.
438 2227 513 2293 593.
544 2231 680 2293 καὶτὸν
710 2231 843 2314 ἀρχαῖον
870 2228 997 2314 τρόπον.
1051 2226 1162 2313 603ί4.
1192 2230 1362 2294 succinctis
1385 2279 1496 2294 .....

325 2333 455 2422 pinctis]
502 2345 571 2412 ταῖς
615 2335 746 2413 οἰκείαις
791 2338 932 2413 πεύκαις.
997 2338 1070 2401 606.
1102 2336 1283 2420 frementis]
1323 2337 1495 2414 δείσαντος.

324 2446 400 2509 618.
423 2442 739 2529 depresso—aratro]
756 2443 829 2529 βοῦς
848 2443 1017 2530 ὑποβαλὼν
1033 2453 1077 2529 τῷ
1095 2444 1230 2529 ἀρότρῳ.
1268 2447 1342 2510 620.
1365 2445 1496 2529 aeratis]

326 2553 520 2638 ἐπιχρύσοις.
570 2551 643 2616 624.
669 2555 723 2616 τόν
746 2551 951 2635 Κορωνείδην
982 2546 1189 2635 Ἀσκληπιόν.
1231 2554 1305 2616 625.
1331 2551 1495 2634 acciverit]

269 2689 272 2696 ¹
324 2657 559 2744 ἐνέγραψεῖὗύ)
595 2661 669 2723 627.
695 2657 895 2743 squalebant]
914 2658 1047 2743 ἐτήκετο
1063 2681 1106 2723 so.
1124 2658 1268 2744 σύματα.
1305 2656 1416 2743 63011.
1439 2662 1497 2724 καί

324 2771 405 2852 πρός
442 2771 478 2830 τό
516 2777 571 2831 τού
606 2766 725 2852 Φοίβου
763 2767 968 2852 χρηστήριον,
1007 2770 1080 2844 τοὺς
1118 2766 1268 2850 Δελφοὺς,
1306 2770 1360 2831 τόν
1399 2767 1496 2852 μέσον

322 2873 469 2959 ὀμφαλόν
506 2883 564 2958 τῆς
602 2873 790 2960 οἰκουμένης
824 2874 961 2959 κατέχον
1000 2873 1141 2937 ἀπίασιν.
1202 2875 1276 2938 634.
1312 2871 1493 2959 pharetrae]

323 2981 495 3066 φαρέτραν.
547 2982 622 3045 635.
651 2979 786 3062 cortina]
811 2983 832 3066 ή
861 2981 1043 3066 πρόμαντις.
1097 2981 1162 3045 imo
1187 3003 1250 3045 om.
1298 2981 1372 3046 636.
1396 3002 1495 3066 pave-

324 3197 429 3279 ἐγγιον
453 3195 572 3280 ἀλκήν·
597 3191 600 3280 ί
623 3198 679 3260 καί
703 3196 789 3280 ζήτει
812 3206 866 3260 νῦν
891 3198 1004 3281 ἔγγιον.
1052 3192 1137 3259 Ούδέ
1160 3198 1223 3280 γὰρ
1248 3199 1342 3280 ὔμμιν
1366 3197 1462 3281 ἐμεῖο,
1488 3193 1491 3278 ί

323 3304 366 3379 ὡς
399 3307 435 3367 τό
469 3305 577 3380 πάθος
611 3303 710 3386 λύσω,
745 3313 800 3368 τοῦ
833 3302 868 3366 δ’
894 3303 1051 3388 ἡμετέρου
1084 3302 1194 3379 τέκεος
1217 3303 1273 3365 δεῖ.
1301 3298 1304 3386 ί
1330 3299 1431 3387 Αίσίῳ
1459 3301 1495 3365 δ’

323 3411 424 3494 οἰωνῷ
456 3412 512 3488 ἴτε,
546 3413 602 3475 καί
633 3411 726 3496 γόνον
761 3409 857 3488 ἀξατ’
889 3411 984 3496 ἐμεῖο.
1038 3412 1111 3473 641.
1147 3407 1315 3495 accepere]
1351 3409 1490 3487 ἐδέξατο.

323 3519 397 3581 644.
428 3519 497 3582 ἐπεί
528 3519 563 3582 δέ
591 3520 709 3602 ταύτης
737 3518 765 3581 οἱ
799 3517 999 3603 πεμφθέντες
1033 3518 1157 3601 ήψαντο
1192 3527 1231 3602 τῇ
1267 3517 1359 3602 κοίλη
1384 3517 1435 3601 νηί
1457 3545 1493 3568 =

319 3647 404 3703 quae
444 3632 613 3710 postquam
652 3647 760 3690 curva.
820 3627 894 3689 647.
933 3625 1112 3689 ἐνίστανται
1149 3635 1318 3709 τοιγαροῦν
1354 3623 1492 3709 κλήρους

410 3874 472 3942 251)
493 3874 565 3941 Quid
595 3875 726 3930 Invenit?
756 3876 785 3929 et
812 3874 966 3944 acceptior,
994 3873 1030 3928 cf.
1049 3873 1116 3928 XIII
1135 3875 1186 3927 467
1210 3872 1357 3942 acceptior
1374 3871 1431 3940 illi]
1451 3873 1490 3922 εύ-

319 3966 541 4030 προσδεκτότερον
569 3967 620 4031 γὰρ
648 3967 748 4031 ἐκείνῳ,
766 3962 814 4018 XV
830 3965 866 4018 20
883 3963 964 4018 illius
993 3963 1039 4017 dis
1066 3962 1287 4032 acceptissimus
1315 3960 1392 4029 aevi]
1415 3962 1490 4021 θεοῖς

317 4057 508 4120 κεχαρισμένος
535 4053 598 4106 κατ’
618 4055 720 4105 ἐκείνου
739 4058 785 4105 τού
810 4055 913 4121 χρόνου,
934 4053 963 4107 et
990 4054 1142 4119 assentior,
1172 4051 1206 4106 cs.
1232 4049 1351 4118 111406,
1377 4050 1413 4105 IV
1428 4053 1489 4116 259,

318 4144 385 4199 XIV
398 4147 459 4213 292,
477 4145 535 4200 alio
554 4143 641 4200 modo
660 4143 756 4198 vertit.

409 4236 471 4298 252)
490 4234 530 4289 cf.
548 4233 587 4288 XI
605 4235 658 4289 632
669 4230 790 4302 remeat]
810 4234 1015 4298 ἐπανακάμπτει,
1028 4230 1079 4286 XV
1092 4232 1145 4286 480
1157 4227 1313 4296 remeasse]
1327 4229 1488 4281 caussasse.

408 4323 471 4387 253)
491 4322 566 4390 Quid
584 4323 738 4389 Inveucrit,
756 4322 870 4390 nescio;
891 4321 927 4377 cf.
945 4320 997 4376 XV
1010 4322 1061 4376 756
1074 4321 1199 4376 Pontum
1218 4318 1326 4388 populo
1346 4317 1488 4373 adiecisse

317 4412 446 4480 Quirini]
466 4414 566 4464 Πόντον
585 4419 621 4478 τῷ
641 4417 688 4463 τού
706 4413 815 4477 Κυρίνου
833 4412 986 4476 προσθεῖναι
1004 4413 1086 4476 δήμῳ.
