3410 5104
704 499 881 560 ..79-

203 707 441 794 cotteanum)
478 711 551 774 651.
578 713 659 773 οὕτω
683 710 785 774 τοίνυν
811 711 1091 797 ἀμφισβητούντων
1115 712 1239 798 ἑσπέρα
1255 716 1290 776 τό
1314 721 1391 797 φιῦς

206 816 370 882 ἀπώσατο.
421 819 495 882 659.
520 814 619 898 hunc]
645 827 709 882 νῦν.
750 818 824 882 660.
848 816 962 903 usque]
988 819 1137 905 ἀκριβῶς.
1179 821 1253 884 661.
1279 821 1378 888 sed-

203 924 342 988 videbor
357 945 420 989 om.
457 926 532 988 664.
556 925 726 1008 somnique
742 924 865 1009 fugam]
882 929 997 1008 καὶτῷ
1019 927 1163 1011 ἐνυπνίῳ.
1201 928 1276 991 664.
1301 925 1379 1009 abit]

208 1031 343 1114 ἀπέπτη,
377 1033 451 1095 674.
468 1029 639 1114 micantes]
657 1029 977 1110 ἀποπάλλοντας.255)
1015 1033 1089 1096 675.
1104 1032 1222 1116 castos]
1236 1034 1253 1097 ὁ
1266 1036 1381 1118 σεμνὸς

206 1139 315 1222 ἱερεύς.
365 1139 437 1202 677.
475 1138 591 1215 όθεός
615 1135 714 1203 έστινί
751 1138 868 1216 όβεός
897 1137 995 1204 ἐστινί
1044 1139 1118 1204 680.
1155 1139 1290 1221 iussum]
1310 1144 1379 1216 τόν

206 1247 283 1310 θεὸν
324 1245 476 1329 ὀφθέντα.
540 1248 614 1311 690.
654 1250 734 1330 πρός
771 1250 825 1311 τόν
863 1247 966 1323 λίθοις
1008 1249 1233 1333 πεφραγμένον
1270 1247 1379 1312 κοῖλον

206 1353 320 1436 λιμένα
348 1353 509 1417 συντείνει.
563 1352 674 1435 69314.
704 1355 725 1439 η
754 1353 789 1416 δὲ
818 1363 894 1428 ναῦς
927 1363 983 1417 τοῦ
1018 1353 1133 1439 βάρους
1166 1356 1290 1439 dodi-:co
1325 1365 1380 1419 τοῦ

205 1460 289 1523 θεοῦ
313 1461 369 1523 καί
392 1469 435 1544 τῷ
458 1461 571 1523 τούτου
595 1460 791 1524 συνεκάθισε
814 1459 930 1545 φόρτιμ.
979 1462 1054 1525 696.
1084 1467 1167 1526 torta
1190 1461 1379 1544 retinacula]

204 1569 246 1629 τὰ
273 1565 469 1651 πρυμνήσια.
519 1568 592 1631 697.
618 1567 635 1630 ὁ
659 1567 695 1629 δὲ
719 1566 797 1642 θεὸς
812 1566 932 1651 ὑψηλός
947 1568 1105 1652 ὑπερεῖχε.
1154 1570 1228 1632 700.
1246 1575 1379 1633 sexto—

208 1672 292 1754 ortu]
319 1674 352 1737 έν
375 1674 501 1758 ἡμέρας
516 1676 614 1758 έκτης
637 1674 786 1757 ἀνατολῇ.
827 1676 901 1739 701.
927 1676 983 1737 καὶ
1006 1676 1098 1759 παρά
1121 1696 1155 1738 τε
1178 1679 1214 1738 τό
1229 1674 1379 1740 Λατίνων

207 1779 300 1864 ἱερόν,
329 1782 345 1844 ὃ
373 1790 412 1864 τη
442 1777 528 1866 Ἥρᾳ
551 1780 745 1864 ἀφωσίωται.
794 1781 868 1844 702.
893 1781 950 1864 την
979 1791 1034 1844 τοῦ
1062 1779 1243 1845 Σκυλλαίου
1276 1781 1377 1867 ἠιόνα.

209 1883 321 1969 70314.
345 1890 403 1950 καὶ
426 1898 463 1972 τη
488 1891 544 1972 μὲν
567 1888 643 1973 λαιᾷ
665 1891 722 1964 τὰς
745 1883 960 1973 Ἀμφρασίους
982 1887 1098 1974 πέτρας
1122 1886 1167 1951 δι’
1194 1886 1380 1972 eoseum)

209 1995 358 2073 ἐκκλίνει,
382 2005 421 2078 τῇ
447 1993 536 2078 δεξιᾷ
557 1995 592 2058 δέ
613 1998 653 2058 τὰ
678 1994 888 2080 ἀπερρωγότα
908 1992 1065 2059 Κελέννια
1089 1997 1145 2059 καὶ
1165 1999 1200 2058 τό
1216 1991 1379 2081 Ῥωμίτιον

207 2101 434 2186 παραλέγεται,
460 2100 624 2166 Καυλιῦνά
639 2124 673 2165 τε
694 2105 751 2166 καὶ
766 2101 953 2188 Ναυρικίαν.
1002 2104 1076 2168 707.
1101 2105 1157 2166 καὶ
1181 2104 1220 2188 δὴ
1243 2103 1301 2186 τὴν
1325 2115 1380 2168 τοῦ

204 2209 363 2293 βασιλέως
392 2208 510 2274 Αἰόλου
545 2221 642 2296 νησον
677 2213 734 2273 καί
761 2213 802 2274 τὰ
831 2208 985 2295 Ταμέσης
1021 2210 1173 2296 μέταλλα.
1222 2212 1296 2276 708.
1321 2212 1380 2295 την

206 2316 418 2401 Λευκορικήν.
445 2319 519 2380 710.
536 2320 593 2381 καὶ
609 2321 681 2395 τοὺς
692 2327 761 2394 ταῖς
772 2316 1008 2402 Σουρρεντίνοις
1025 2317 1178 2403 ἀμπέλοις
1193 2318 1381 2403 παμφόρους

205 2421 330 2508 λόφους.
380 2427 454 2488 711.
479 2421 601 2509 natam]
628 2426 793 2510 ἐπίσημον.
843 2427 916 2488 712.
942 2423 1091 2511 Κιμαίας.
1140 2425 1380 2488 713151]ίὶεοί-

207 2529 537 2616 ίειυιιι1φακοφόρον.
575 2533 649 2596 714.
665 2531 825 2617 Λίντερον.
860 2532 933 2596 715.
952 2531 1175 2619 Βουλτοῦρνος.
1212 2531 1379 2614 columbis]

209 2641 325 2721 όφεσιν.
375 2636 485 2722 71617.
515 2642 571 2703 καὶ
601 2641 642 2723 ἣν
673 2641 689 2703 ό
717 2640 865 2725 τρόφιμος
888 2637 1016 2716 Αἰνείας
1050 2639 1243 2724 κατώρυξεν,
1279 2640 1295 2703 ό
1325 2651 1380 2703 τοῦ

212 2744 398 2830 Ἀντιφάτου
414 2768 448 2809 τε
464 2749 559 2823 οἶκος.
591 2749 665 2810 717.
685 2745 820 2831 Τρεχάς.
855 2743 1088 2831 718.Ἀντρον.
1123 2748 1198 2811 722.
1214 2747 1381 2810 flavum—

205 2851 295 2934 litus]
319 2863 377 2936 της
400 2853 555 2938 καθαρᾶς
577 2855 681 2939 ἠιόνος
706 2853 891 2938 ἁπτόμενον.
931 2851 1003 2935 init]
1016 2857 1146 2916 Ι’ἀπεισι
1188 2852 1299 2934 72417.
1324 2855 1381 2916 καὶ

208 2971 247 3044 τη
265 2971 319 3024 τοῦ
343 2961 562 3046 προσήκοντος
579 2963 664 3046 αὐτῷ
680 2963 760 3026 θεοῦ
784 2961 870 3045 ξενίᾳ
892 2962 1106 3046 χρησάμενος,
1131 2957 1226 3037 αὖθις
1249 2960 1382 3045 εὐπλοίᾳ

206 3068 265 3150 τὴν
279 3068 424 3152 κεφαλὴν
438 3069 489 3131 ἐπί
500 3069 644 3153 πρύμνης
657 3068 812 3152 ἀνέθηκε,
826 3067 936 3154 μέχρις
947 3071 993 3132 οὔ.
1034 3069 1109 3133 728.
1120 3064 1249 3149 Lavini]
1258 3067 1380 3133 λαινίου

207 3175 275 3238 cod.
294 3173 442 3260 Λαβινίου
455 3175 557 3239 Boiss.
583 3173 675 3257 ostia]
689 3177 798 3238 ὤστια.
836 3177 910 3239 729.
924 3176 1041 3252 πάντες
1053 3175 1081 3238 οἱ
1094 3176 1198 3260 δῆμοι.
1224 3180 1380 3238 matrum-

206 3303 269 3365 que
278 3279 485 3366 patrumque]
496 3291 558 3345 τῶν
568 3282 725 3367 γερόντων
734 3283 862 3346 καὶτῶν
873 3284 1010 3367 εὐγενῶν
1019 3291 1190 3366 γυναικῶν.
1227 3281 1380 3345 uectur-

206 3391 248 3452 ba
270 3388 347 3472 ruit]
371 3393 406 3452 τό
431 3391 581 3475 σύστημα
605 3390 784 3474 συρρέουσι.
832 3389 907 3455 730.
931 3391 1045 3453 καὶτὸ
1075 3389 1233 3473 φυλάττον
1262 3398 1378 3473 στῖφος.

207 3496 281 3559 737.
307 3499 363 3560 καί
392 3494 447 3559 ἐπ’
481 3500 582 3580 ἀκρου
611 3507 666 3560 τοῦ
704 3497 791 3561 ἱστοῦ
819 3498 877 3580 τὴν
912 3497 1059 3581 κεφαλὴν
1097 3496 1260 3572 έπικλίνας
1289 3505 1378 3560 κινεῖ.

208 3602 281 3666 739.
309 3605 341 3667 in
370 3605 517 3687 geminas
540 3600 660 3689 partes]
692 3606 735 3680 εἰς
763 3605 828 3668 δύο.
878 3605 952 3668 748.
976 3601 1379 3689 properataque-rorum]

297 3763 360 3829 154)
377 3784 414 3807 =
433 3764 581 3832 „perstant
609 3761 746 3816 addicere
765 3763 798 3830 (7)
818 3760 927 3817 sortes“
958 3762 1009 3817 aut
1038 3762 1188 3830 „perstant
1212 3761 1255 3816 ita
1283 3760 1380 3815 dicore

207 3851 326 3906 sortes“.
362 3852 504 3921 Persaepe
531 3853 663 3920 perstare
690 3851 722 3906 in
750 3851 901 3902 ἐνίστασθαι
934 3851 1032 3919 vertit,
1060 3849 1096 3904 ct.
1124 3849 1164 3904 111
1185 3852 1246 3917 701,
1266 3849 1305 3904 IV
1319 3851 1380 3914 368,

208 3940 243 3994 Vl
265 3942 327 4008 361,
346 3939 384 3995 Xl
404 3944 466 4008 402,
485 3940 549 3996 XIV
562 3943 622 3996 568.

296 4029 358 4096 155)
377 4052 414 4075 =
432 4031 591 4099 vibrantes
611 4030 645 4086 cf.
666 4045 734 4085 ann.
753 4031 796 4085 50.

296 4119 359 4185 156)
379 4118 426 4174 Sic
445 4120 660 4176 Boissonadius.
699 4119 774 4186 Quid
793 4119 828 4171 σι’
848 4122 944 4185 αἰρεσιν
963 4119 1021 4174 sibi
1040 4119 1121 4188 velit,
1144 4133 1203 4176 non
1225 4118 1379 4185 intellego;

207 4213 240 4263 ut
268 4208 358 4264 verba
389 4223 456 4278 oum
483 4210 584 4266 latinis
613 4208 805 4278 consentiant,
829 4209 860 4263 in
886 4208 921 4260 δι’
942 4211 1054 4275 ειρεσιαν
1082 4208 1298 4264 emendandum
1327 4210 1379 4262 est.

208 4297 290 4368 Legit
302 4297 393 4366 igitur
406 4298 716 4368 „laevaque-remis“,
730 4313 804 4368 quac
818 4297 907 4353 verba
918 4299 950 4353 in
968 4297 1118 4354 codicibus
1142 4313 1173 4353 se
1190 4297 1297 4366 legisse
1317 4295 1381 4351 Cio-

207 4388 293 4442 t'anus
312 4387 473 4443 annotavit.
