3410 5104
804 379 1024 442 „16-

327 589 454 668 δέδωκε,
484 590 512 654 τί
540 603 616 655 ποτε
644 586 672 655 δ’
701 592 737 656 ἂν
767 591 851 668 ἐντός
879 592 926 676 είη
955 591 1106 676 μηδαμῶς
1130 591 1307 674 ἐξειποῦσα,
1332 594 1385 656 καί
1408 592 1505 677 νόμον

327 699 446 764 δέδωκε
484 707 539 762 τοῦ
579 699 622 783 μὴ
662 698 809 781 τάκείνης
850 699 923 762 ἰδεῖν
962 697 1135 782 ἀπόρρητα.
1196 697 1272 763 559.
1311 698 1501 784 Πάνδροσος.

328 807 401 870 567.
426 808 488 870 κᾶν
522 801 605 870 τοῦτ’
639 807 732 882 αὐτὸς
766 807 843 890 πρὸς
876 815 931 889 της
966 803 1134 883 Παλλάδος
1170 807 1298 891 ἐρευνᾷν
1334 803 1500 891 ἐόελήσης.

327 913 402 977 583.
435 912 514 978 κάπὶ
548 915 584 978 τό
619 913 720 998 δέρμα
756 911 843 996 ῥίζας
876 909 1010 996 βαθείας
1043 911 1191 996 ἐπήξατο.
1239 914 1314 978 603.
1339 913 1502 999 λαμβάνει.

327 1022 403 1086 620.
431 1021 558 1105 ὑστάτῳ
591 1019 676 1105 πυρί.
724 1020 799 1082 627.
834 1021 889 1083 και
920 1021 978 1103 τὴν
1011 1021 1119 1085 ἄδικον
1152 1023 1256 1106 πυράν
1288 1021 1499 1086 συνετέλεσεν.

327 1129 402 1196 630.
427 1131 504 1213 πρὸς
526 1130 563 1192 τό
588 1124 758 1213 άντρον.47)
790 1126 865 1190 636.
891 1124 1050 1212 Καρόκτη.
1084 1127 1158 1192 638.
1181 1123 1349 1213 Ὠκυρόην.
1382 1124 1502 1192 6426

325 1246 368 1321 τῷ
392 1235 502 1320 κόσμῳ
531 1237 622 1299 παντί
651 1233 783 1318 σωτηριε
811 1243 878 1298 παῖ.
933 1234 1007 1297 657.
1037 1233 1375 1320 προκαταλαμβάνουσί
1403 1257 1441 1320 με
1468 1235 1503 1297 cti

326 1346 401 1428 ἐμαὶ
424 1349 534 1428 μοῖραι.
584 1343 658 1405 668.
683 1337 754 1406 ἀλλ’
778 1338 914 1418 ἐοικυίας
936 1343 1032 1426 ἵππῳ.
1081 1343 1155 1405 676.
1180 1343 1197 1406 ό
1220 1339 1390 1427 Φιλλίιριος
1405 1343 1500 1427 ἥρως.

324 1451 446 1514 frustra
461 1469 524 1512 om.
564 1449 638 1512 681.
656 1450 711 1512 καὶ
728 1447 852 1533 φορτίον
868 1445 906 1532 ἦν
921 1445 1087 1534 καλαῦροψ
1103 1445 1282 1532 ἀγριελαίου
1297 1459 1337 1532 ιη
1355 1447 1450 1534 δεξιᾷ.
1457 1446 1502 1526 ⁴⁸)

326 1556 401 1622 682.
426 1551 481 1640 ἀφ’
504 1556 583 1620 ἐπτόι
607 1555 758 1620 δονάκων.
808 1555 881 1619 688.
906 1553 1028 1620 Βάττον
1056 1564 1166 1620 τοῦτον
1190 1555 1219 1619 οἱ
1246 1556 1382 1639 γείτονες
1411 1557 1502 1642 ἀγροί

325 1663 566 1748 προσηγόρευον.
607 1663 771 1746 69511011
796 1661 952 1746 „hospes“
979 1662 1191 1746 interpunxit:
1213 1659 1238 1726 ὦ
1259 1662 1337 1741 ξένε,
1354 1660 1503 1747 ἀσφαλὴς

324 1773 381 1836 ἴθι.
438 1772 512 1835 703.
549 1766 657 1851 erunt]
696 1768 786 1854 ἦσαν.
834 1774 866 1832 ot
904 1776 997 1832 erant
1036 1769 1095 1833 sub
1133 1769 1297 1834 montibus
1334 1769 1399 1833 illis
1436 1791 1501 1834 om.

327 1874 406 1962 720]
411 1881 439 1942 1.
457 1881 555 1953 οὕτως
571 1878 650 1961 ὑπὲρ
665 1887 726 1941 τῶν
743 1872 899 1941 Ἀκταίων
911 1874 1038 1960 πύργων
1050 1875 1282 1962 εὐπεριάγωγον
1294 1877 1312 1940 ό
1323 1876 1503 1961 Κυλλήνιος

326 1985 423 2050 κλίνει
446 1987 498 2048 τόν
523 1983 646 2068 δρόμον.
680 1983 754 2048 723.
781 1989 903 2067 quanta
925 1981 968 2064 te]
992 1984 1056 2068 όσῳ
1073 1985 1105 2067 ἢ.
1138 1985 1213 2048 730.
1230 1986 1286 2048 καί
1301 1987 1355 2048 τόν
1371 1985 1500 2068 οὐρανόν

326 2091 516 2168 καταλιπὼν,
534 2089 699 2177 διαφόρους
714 2090 828 2164 τόπους
843 2097 1026 2175 περινοστεῖ.
1067 2091 1141 2155 736.
1160 2088 1287 2172 11ι]καί.
1325 2091 1399 2155 738.
1416 2089 1502 2154 Πάν-

325 2201 426 2284 δροσε.
486 2200 559 2261 757.
596 2200 648 2264 τόν
687 2195 866 2282 Λεμνιακόν
906 2197 1009 2280 γόνον.
1069 2195 1144 2259 758.
1185 2197 1352 2283 ἀχάριστός
1386 2219 1420 2262 τε
1455 2206 1501 2281 ’τῷ

325 2364 537 2377 -σ--υ--Ι

413 2473 459 2540 47)
480 2471 558 2540 „Ad“
586 2474 616 2527 et
641 2471 705 2539 „in“
730 2471 846 2541 saepius
871 2470 949 2526 inter
974 2486 1005 2526 se
1031 2471 1172 2539 confudit,
1200 2471 1237 2527 ci.
1255 2470 1305 2540 ad]
1331 2471 1435 2534 14εις
1454 2473 1502 2522 τὸν

324 2566 450 2630 ἡμέτερον
472 2564 576 2628 χρόνον,
596 2560 607 2615 l
626 2564 658 2615 61
680 2564 717 2623 εις
735 2563 772 2612 ior
795 2564 824 2616 et
843 2558 886 2628 iu]
907 2559 985 2616 1113
1003 2563 1067 2626 πρός
1086 2563 1131 2612 τόν
1150 2563 1295 2627 Τάρταρον,
1315 2563 1366 2616 735
1384 2563 1449 2626 πρός
1467 2562 1499 2611 τό

325 2654 421 2719 μέλλον
439 2651 467 2706 ΙΙ
488 2653 539 2706 669
557 2652 621 2716 πρός
639 2652 686 2716 τὴν
704 2651 780 2712 πόαν,
798 2648 865 2704 ΧΙΙί
884 2650 937 2705 528
954 2652 1019 2715 πρός
1038 2652 1133 2716 βραχὺν
1151 2653 1255 2716 χρόνον.

413 2740 460 2806 48)
474 2739 529 2807 Qui
544 2753 692 2808 „onusque
705 2737 763 2794 luit
775 2739 914 2794 baculum
930 2739 1066 2795 silvestre
1084 2738 1197 2794 olivae“
1215 2741 1299 2794 textu
1316 2743 1502 2808 receperunt,

324 2845 391 2886 mea
418 2828 536 2898 quidem
566 2828 721 2896 sententia,
740 2827 823 2898 quid
851 2827 945 2883 velint
973 2829 1072 2897 verba,
1102 2843 1161 2884 nou
1189 2827 1406 2884 intellexerunt.
1451 2828 1497 2882 An

326 2919 480 2988 „baculum
494 2916 645 2974 silvestre“
660 2917 752 2986 illam,
766 2932 841 2986 quae
855 2916 1048 2985 desideratur,
1061 2918 1231 2974 vastitatem
1243 2917 1501 2986 rusticitatemque

324 3009 419 3064 veluti
442 3007 563 3078 resipit?
600 3006 826 3070 Responderunt
851 3007 910 3062 iam
931 3007 1066 3076 editores
1086 3009 1137 3076 qui
1156 3007 1274 3062 adrem
1293 3005 1499 3076 explicandam

324 3096 526 3154 tantummodo
557 3095 608 3150 XV
627 3098 691 3151 655:
728 3095 939 3166 „baculumque
974 3101 1077 3152 tenens
1106 3098 1220 3166 agreste
1256 3094 1391 3150 sinistra“
1421 3097 1498 3152 attu-

324 3187 428 3242 lerunt.
466 3185 561 3254 Quid?
601 3188 635 3240 ut
657 3185 824 3254 „silvestre“
846 3186 1007 3255 explicetis
1028 3186 1140 3242 affertis
1161 3185 1329 3253 „agrestem
1367 3186 1497 3254 Accedit,

325 3277 412 3347 quod,
431 3291 483 3332 cur
503 3274 631 3344 „olivac“
651 3275 682 3330 in
705 3277 820 3331 textum
844 3276 1003 3345 irrepserit,
1022 3275 1104 3332 nullo
1128 3275 1215 3331 modo
1234 3275 1374 3344 explicari
1392 3278 1501 3345 potest

326 3382 391 3422 curn
410 3365 532 3422 minime
550 3365 607 3420 hoc
626 3365 713 3421 modo
740 3365 878 3435 expedita
896 3367 948 3420 fiat
967 3366 1058 3420 oratio
1078 3367 1107 3419 et
1126 3365 1164 3420 ad
1182 3365 1414 3434 intellegendum
1433 3380 1497 3435 per-

324 3455 430 3512 facilis.
468 3454 640 3522 „Sinistrae“
661 3455 769 3522 autem,
788 3453 908 3510 utillud
924 3455 1078 3523 „alterius“
1092 3454 1292 3524 intellegatur,
1311 3470 1346 3510 ex
1367 3452 1500 3523 ,011155ιι

325 3548 488 3602 correctum
507 3546 560 3612 est
578 3546 620 3610 ut,
639 3545 689 3614 qui
710 3544 839 3612 „olivae“
859 3545 890 3598 in
904 3543 1009 3599 Ovidio
1028 3545 1171 3613 legerunt,
1185 3559 1309 3613 quorum
1322 3544 1497 3614 scripturam

326 3649 416 3705 „onus
429 3633 550 3689 dextrae
568 3633 692 3689 baculus
710 3633 854 3688 silvestris
872 3633 984 3689 olivae“
1000 3635 1114 3688 veteres
1133 3633 1260 3689 editores
1273 3635 1500 3700 annotaverunt

326 3722 478 3792 „dextrae“
498 3723 555 3778 hac
574 3722 611 3778 de
630 3737 718 3778 causa
737 3722 931 3778 inseruerunt.
957 3722 1021 3778 Non
1035 3723 1154 3792 optime,
1166 3725 1246 3792 puto,
1261 3725 1311 3792 qui
1326 3721 1496 3790 „sinistrae“

325 3813 519 3880 coniecerunt
548 3811 787 3879 emendaverunt,
815 3827 884 3866 nem
912 3811 1066 3880 alte1·a‚ut
1090 3827 1226 3882 graecum
1251 3815 1336 3880 ἑτέρα,
1356 3811 1394 3867 de
1411 3811 1497 3866 laeva

320 3918 414 3958 manu
433 3901 715 3968 dicitur,cs.11874:
735 3904 765 3957 et
783 3901 887 3956 dextra
906 3916 1027 3958 cornum
1046 3903 1135 3970 tenet,
1148 3901 1241 3957 altera
1259 3901 1346 3957 dorso
1359 3901 1497 3970 imposita

324 3993 376 4048 est.
418 3991 520 4059 ltaque
548 3992 630 4046 textu
653 3991 854 4060 recipiendum
879 4006 942 4048 esse
966 3991 1094 4060 „olivae‘
1119 3991 1264 4046 existimo.
1302 3991 1403 4060 Neque
1427 4005 1500 4046 vero

325 4081 401 4137 illud
421 4079 576 4148 ,1111111113ιι
595 4094 648 4148 per
671 4094 711 4147 se,
730 4082 763 4134 ut
787 4094 925 4148 graccum
948 4083 1034 4148 ἑτέρα,
1054 4079 1091 4134 de
1109 4080 1195 4134 laeva
1214 4093 1303 4134 manu
1322 4079 1381 4135 dici
1399 4081 1497 4148 potest

325 4185 421 4239 neque
440 4169 537 4224 simile
557 4169 714 4238 quicquam
733 4169 842 4224 inveni.
881 4168 953 4237 Quid
982 4171 1063 4225 tum?
1099 4168 1170 4224 Post
1196 4169 1323 4236 „olivae“
1345 4184 1447 4224 versus
1465 4169 1498 4222 in

323 4263 407 4316 textu
426 4258 551 4313 omissus
569 4259 622 4326 cst,
642 4273 708 4327 quo,
728 4257 806 4327 quod
825 4258 870 4313 1111
890 4257 1044 4325 „alte1·ius“
1065 4259 1230 4328 opponitur,
1250 4257 1432 4314 efferebatur.
