3410 5104
847 507 1021 574 „63-

348 718 401 782 38.
426 715 532 803 algae]
556 718 693 804 κύματα.
734 719 787 782 44.
813 719 948 804 ἐπῳδάς.
989 721 1041 784 49.
1067 722 1100 784 ἐν
1123 731 1165 805 γῖγ
1190 732 1313 808 στερεᾷ.
1355 725 1406 793 56.
1424 725 1525 812 χυλὸν

348 824 536 912 ἐκθλιβίντα
569 853 604 876 =
637 846 775 910 pressos.
828 827 880 890 62.
917 823 1094 911 abigitque]
1129 830 1185 894 καὶ
1211 830 1363 912 ἐνδοιάζει
1390 862 1423 882 =
1452 854 1524 920 em«

346 933 499 1017 bigitque.
547 934 599 998 66.
631 934 686 1002 καί
718 942 823 1000 κυνῶν
856 933 954 1000 λόττα
987 933 1177 1000 συνίσταται.
1226 935 1279 1002 68.
1311 959 1424 1012 empne
1456 963 1523 1008 ome

346 1042 399 1106 80.
422 1039 552 1116 neum
583 1039 677 1108 Διδώ.
725 1039 778 1106 83.
801 1039 892 1125 prinu
923 1039 1025 1125 „qne“
1059 1063 1121 1106 om.
1169 1043 1221 1108 81.
1245 1047 1300 1112 καί
1330 1055 1393 1112 τῶν
1426 1045 1517 1144 Ἀχε-

344 1148 477 1214 λωῖδων.
525 1147 577 1213 88.
606 1148 648 1216 ud
684 1146 871 1234 „praeside
909 1147 981 1212 add.
1029 1159 1083 1214 τοῦ
1118 1149 1326 1236 Παλινοόρου.
1374 1155 1426 1218 92.
1455 1166 1523 1222 τῶν

345 1255 539 1342 Κερκώπων.
587 1251 676 1340 9516.
701 1257 757 1320 καῖ
789 1257 861 1332 τοὺς
887 1265 1048 1340 μυκτῆρας
1071 1266 1125 1324 τοῦ
1149 1257 1293 1342 μετώπου
1321 1260 1522 1347 διισταμένου

344 1362 513 1448 συνήγαγε.
560 1368 634 1447 μυεῖ
660 1364 702 1428 99
730 1383 801 1436 non¹
822 1362 938 1447 interp.
989 1362 1061 1428 105.
1086 1367 1142 1428 καὶ
1178 1365 1275 1430 δεῖται
1310 1377 1349 1454 τῇ
1383 1371 1522 1456 πατριξγρι

343 1470 404 1535 ὑπὸ
426 1473 479 1536 τὸν
502 1471 586 1554 ᾅδην
610 1471 698 1555 ψυχη
720 1469 895 1538 συνελθεῖν.
939 1470 1010 1534 110.
1035 1469 1176 1536 Troiane
1199 1493 1261 1538 om.
1305 1477 1377 1540 118.
1402 1479 1457 1542 καί
1479 1481 1522 1547 τά

342 1587 403 1643 τῶν
426 1577 530 1642 τόπων
554 1577 658 1662 ἔμαθε
680 1577 807 1664 πάτρια.
857 1577 929 1641 131.
954 1574 1031 1660 neu]
1061 1577 1103 1656 ὡς
1128 1581 1166 1644 ἀν
1189 1580 1223 1644 δὲ
1248 1580 1299 1665 μή.
1351 1584 1423 1647 159.
1448 1584 1515 1670 Νη-

343 1687 449 1770 ρίκιος.
499 1685 570 1750 160.
595 1683 634 1766 ie]
658 1686 701 1761 ός.
752 1683 824 1751 162.
848 1685 893 1762 τίς
916 1707 962 1751 σε.
1012 1688 1084 1751 169.
1110 1688 1138 1752 εί
1160 1689 1202 1772 μὴ
1226 1686 1356 1772 βελτίων
1379 1691 1439 1774 ἥδε
1464 1712 1517 1777 μοι

342 1791 484 1877 διατριβὴ
509 1793 565 1854 καὶ
588 1800 644 1874 της
660 1787 841 1868 Ὀδυσσέως
864 1792 951 1868 νεώς.
1001 1789 1111 1876 ment.
1136 1794 1192 1858 καὶ
1207 1792 1250 1872 ὡς
1273 1795 1366 1878 μὴτὸ
1383 1797 1520 1875 ζωτικὸν

342 1900 507 1964 ἀπολιπεῖν
535 1920 573 1982 με
608 1908 674 1981 φῶς
700 1899 733 1963 ἐν
767 1899 866 1984 τάφιρ,
894 1900 926 1982 ἢ,
953 1899 1094 1984 τάληθὲς
1128 1901 1234 1983 εἰπεῖν,
1260 1901 1304 1984 μὴ
1339 1903 1371 1968 ἐν
1408 1905 1516 1990 ἐκείνη,

340 2017 474 2091 ταφῆναι
496 2017 535 2092 τῇ
557 2006 680 2091 γαστρί.
729 2003 838 2087 18112.
871 2007 954 2072 είδον
978 2006 1071 2073 ὁπότε
1099 2007 1255 2073 σκόπελον
1283 2009 1329 2074 ότι
1356 2011 1512 2096 μέγιστον,

340 2117 432 2197 ὄρους
456 2115 654 2190 ἀποσπάσας.
705 2115 776 2180 185.
801 2117 856 2180 καί
872 2113 1061 2197 ὑπερέδεισα
1076 2113 1120 2198 μή
1143 2136 1220 2180 ποτε
1242 2118 1299 2199 τὴν
1322 2127 1399 2182 ναῦν
1424 2120 1444 2202 ἥ
1465 2143 1518 2186 τοι

338 2225 375 2284 τό
409 2221 517 2305 ῥόθιον
549 2222 571 2304 ἢ
599 2223 622 2288 ό,
644 2220 735 2296 λίθος
767 2221 918 2306 βαπτίση.
968 2220 1039 2283 187.
1070 2221 1138 2286 ἐπεὶ
1171 2219 1205 2283 δ’
1228 2223 1309 2306 όμοῖς
1340 2227 1425 2310 φυγὴ
1458 2239 1515 2312 τῆς

339 2340 456 2412 πικρᾶς
486 2329 620 2408 ἐξίσωσε
648 2327 802 2412 τελευτῆς.
862 2327 927 2392 200
951 2329 1013 2392 201
1041 2328 1115 2392 202.
1140 2330 1202 2391 211
1226 2330 1514 2418 mandentemque]

338 2438 397 2502 καῖ
416 2437 583 2523 διάβροχον
605 2463 642 2488 --
664 2435 921 2520 medentemqne.
970 2436 1045 2498 215.
1069 2436 1126 2500 καὶ
1156 2435 1265 2502 θανεῖν
1288 2437 1510 2523 neuwen)

337 2547 392 2608 καὶ
414 2554 466 2630 τῷΙ
486 2555 541 2609 τοῦ
569 2545 680 2632 θανεῖν
708 2543 802 2620 αὖθις
829 2541 916 2628 φόβῳ
950 2544 1003 2606 τόν
1037 2543 1126 2627 λιμὸν
1160 2543 1305 2628 βαλάνοις
1332 2546 1512 2634 ἀποσοβῶν.

337 2651 411 2714 229.
440 2649 552 2733 vietus]
582 2650 769 2716 ἑαλωκέναι.
816 2650 891 2716 232.
920 2655 1024 2714 retem
1052 2671 1114 2714 om.
1162 2650 1238 2714 233.
1262 2651 1409 2718 ἐντεῦθεν
1433 2656 1514 2742 πρὸς

336 2762 391 2842 την
414 2769 468 2822 τοῦ
483 2755 606 2843 Λάμου,
631 2760 737 2841 ιρησίν,
760 2765 816 2820 τοῦ
831 2755 1067 2841 Λαιστρυγόνος
1086 2757 1223 2842 ἀρχαίαν
1246 2757 1390 2844 ἤλθομεν
1407 2761 1507 2826 πόλιν.

337 2867 410 2932 236.
435 2866 514 2951 fuge
537 2887 599 2930 om.
647 2867 722 2928 242.
747 2871 820 2950 poet
851 2865 981 2948 „perte“
1006 2864 1122 2948 interp.
1170 2865 1244 2929 250.
1271 2866 1511 2952 ἀπηγορεύομεν

336 2974 441 3038 ἐλθεῖν
458 2976 512 3038 καί
528 2975 670 3057 ἀγνῶτας
686 2971 840 3038 εἰσελθεῖν
857 2973 969 3048 οἴκους.
1005 2969 1125 3056 Κλήρῳ
1141 2993 1179 3055 γε
1196 2971 1258 3055 μὴν
1273 2970 1508 3060 ἐπελέχθημεν.

335 3081 410 3144 252.
435 3083 491 3144 καὶ
530 3075 710 3166 Ἐλπήνορα
740 3088 796 3152 τοῦ
826 3080 910 3144 οἴνου
940 3079 1079 3162 σφοδρὸν
1110 3077 1257 3162 ἐραστήν.
1305 3079 1380 3147 264.
1412 3083 1515 3154 motin,

334 3209 396 3251 om.
444 3189 517 3252 269.
543 3184 596 3268 ve]
620 3185 683 3252 καί.
731 3187 807 3254 270.Ι
830 3188 884 3252 καὶ
906 3188 964 3262 τὰς
979 3184 1112 3270 βοτάνας
1125 3187 1235 3268 ἵστησι
1252 3187 1386 3274 σταθμῷ
1411 3211 1509 3274 μετα-

334 3295 481 3380 φέρουσα.
528 3296 602 3360 272.
631 3293 684 3358 καί
717 3296 823 3377 ιρωνάς
852 3293 970 3368 αἰσίους
999 3292 1174 3358 ἀπέδωκεν.
1222 3293 1296 3358 283.
1330 3296 1408 3360 toris
1441 3319 1506 3362 om.-

333 3403 407 3468 286.
425 3404 471 3480 εἰςΙ
484 3406 595 3488 ἄντρον
611 3401 800 3486 ἐγκλείομαι.
847 3399 950 3465 Μόνον
969 3401 1023 3464 τὸν
1043 3397 1229 3486 Εὐρύλοχον
1249 3400 1318 3464 κτλ.
1366 3403 1440 3468 288.
1465 3405 1511 3482 ἀν,

332 3513 448 3594 ἔμενεν.
497 3511 570 3574 289.
600 3515 709 3596 tentae
737 3508 837 3580 eledie
864 3529 927 3574 om.
975 3507 1050 3570 303.
1078 3507 1194 3572 bifidos
1225 3529 1286 3572 em.
1334 3510 1410 3574 305.
1434 3532 1507 3597 aurs

330 3619 501 3700 plectimur
534 3615 606 3701 ipsi]
643 3613 751 3701 ἐκείνῳ
779 3613 1053 3700 περιπλεκόμεθοι.
1100 3611 1212 3697 32415.
1238 3618 1325 3680 οὔπω
1350 3611 1385 3679 δ’
1408 3619 1505 3701 ἔσχεν

332 3725 413 3802 ἰδεῖν,
437 3724 531 3810 ἡνίκα
554 3725 571 3788 ό
594 3733 655 3788 τῶν
679 3721 826 3807 Γραικῶν
848 3721 984 3806 πόλεμος
1008 3720 1174 3808 ἐξερράγη,
1199 3725 1270 3798 τοὺς
1291 3723 1378 3798 ἴσους
1402 3725 1505 3796 ἐνιαυν

330 3834 401 3907 τοὺς
423 3842 466 3917 τῷ
490 3833 637 3915 τετράκις
660 3832 721 3915 ἤδη
745 3839 913 3896 πενταετεῖ.
961 3828 1035 3892 326.
1066 3829 1098 3894 ἐν
1121 3839 1183 3905 τοῖς
1219 3829 1352 3913 ὑψηλοῖς
1387 3833 1498 3914 ὄρεσιν.

330 3938 404 4002 328.
434 3945 506 4022 μυεῖ
535 3937 713 4018 „Neiedee“
743 3937 858 4021 interp.
907 3935 971 4000 328
996 3957 1081 4020 sqq.:
1110 3934 1204 4012 Τίνας
1233 3933 1389 4021 Ἀλβυλα,
1418 3938 1502 4014 τίνας

328 4048 376 4124 τοῖν
391 4055 446 4108 τοῦ
469 4044 632 4131 Νομικίου,
657 4045 742 4130 τίνας
764 4046 812 4132 τά
828 4053 884 4107 τοῦ
903 4039 1044 4128 Ἀμηνος
1066 4044 1165 4107 ὕδατα
1189 4044 1245 4106 καὶ
1268 4040 1285 4104 ὁ
1308 4045 1361 4107 τόν
1384 4044 1501 4128 δρόμον

416 4221 480 4286 224)
505 4221 610 4277 Utrum
633 4219 758 4290 cupidus
782 4235 819 4276 en
843 4220 964 4290 cupiens
987 4219 1143 4280 invenerit,
1172 4218 1281 4273 nescio.
1329 4218 1450 4289 cupere,
1467 4220 1497 4273 iu

327 4311 448 4373 ἐφίεσθαι
469 4309 508 4366 IV
520 4312 581 4379 351,
600 4309 671 4365 VIII
695 4311 748 4366 834
771 4309 867 4365 vert't.
906 4308 1033 4378 Cupidus
1062 4307 1093 4362 iu
1120 4307 1256 4373 πρόθυμος
1285 4307 1320 4363 el.
1341 4307 1378 4362 VI
1397 4311 1449 4363 467
1469 4312 1497 4362 et

327 4401 417 4451 ποθῶν
435 4398 474 4453 111
492 4400 527 4454 63
545 4399 761 4468 interpretatur
