3410 5104
674 476 885 557 nep..

192 704 246 773 καί
264 706 419 792 λέγεσθαι
440 705 485 790 [=
503 707 567 771 diei
584 746 617 766 =
634 703 716 789 Diti]
736 707 915 793 σκυθρωπὴ
932 706 1102 793 δυναμένη.
1143 706 1218 771 575.
1236 699 1366 788 virides]

193 815 315 900 ύγρούς.
374 815 448 879 587.
483 815 552 878 sine
583 812 716 896 vertice]
750 818 824 879 ἄνευ
856 814 1009 898 κεφαλῆς.
1043 805 1141 880 591.
1178 819 1270 878 natae
1304 834 1366 878 om.

195 923 269 988 598.
297 919 400 1006 ripae]
429 919 617 1007 λύχμης.ίθῙ)
666 923 740 986 597.
765 922 873 986 neseio
902 920 1001 1007 qnod]
1032 924 1136 1007 ἀγνοῶ
1164 920 1193 984 τί
1220 941 1296 986 ποτε
1319 918 1367 1005 ἦν.

185 1032 270 1096 613.
296 1031 350 1093 καὶ
383 1037 504 1114 πετρῶν
536 1031 590 1093 καί
622 1029 789 1094 σκοπέλων
822 1030 902 1095 ἔνθα
934 1029 1009 1093 οὐδὲ
1034 1028 1088 1114 μία
1119 1051 1164 1105 τις
1195 1026 1233 1114 ἦν
1266 1027 1370 1103 δίοδος

198 1139 345 1222 ἔδραμον.
393 1137 468 1200 624.
500 1137 621 1200 inscius
656 1158 717 1200 om.
766 1138 841 1201 625.
875 1133 937 1214 Ἰὼ,
970 1132 1158 1222 Ἀρέθουσα,
1195 1131 1246 1200 Ἰὼ
1281 1131 1369 1220 Ἀρέ-

197 1243 318 1310 θουσαί
341 1243 494 1328 κέκληκε.
543 1245 617 1308 627.
643 1244 708 1308 alta
731 1265 794 1308 em.
841 1246 916 1310 634.
940 1241 1044 1326 lacus]
1068 1253 1181 1330 χῶρος.
1230 1245 1303 1308 641.
1327 1249 1371 1328 τῷ

197 1351 255 1437 τῆς
279 1349 364 1430 Θεᾶς
387 1353 542 1438 ἐπωνύμῳ
566 1353 723 1438 χαρίεσσά
748 1374 798 1437 μοι
820 1353 1034 1438 τυγχάνουσα.
1083 1353 1157 1416 646.
1182 1351 1305 1416 κελεύει
1327 1359 1372 1434 τῷ

200 1459 414 1545 Τριπτολέμῳ,
446 1458 527 1524 falso
557 1460 656 1543 igitur
685 1461 894 1546 interpunxit.
937 1459 1012 1524 data
1035 1457 1172 1542 semina]
1196 1462 1236 1522 τὰ
1259 1459 1374 1541 ἑαυτῆς

201 1567 390 1652 σπέρματα.ι
423 1569 496 1630 651.
532 1565 608 1652 qua]
641 1567 754 1633 πάθεν.
811 1569 884 1632 654.
919 1565 1041 1648 aether]
1075 1566 1145 1651 ἀήρ.
1195 1568 1269 1630 659.
1302 1568 1375 1650 post

204 1674 428 1758 „adgreditur“
465 1675 672 1759 interpunxit.
729 1677 803 1739 661.
841 1696 949 1739 sacros
974 1723 980 1737 .
1007 1724 1014 1738 .
1040 1722 1048 1738 .
1072 1671 1207 1758 iugales]
1243 1677 1278 1737 τὸ
1312 1682 1375 1737 τῶν

203 1782 382 1866 δρακόντων
406 1781 523 1866 ζεῦγος.
572 1784 647 1845 662.
672 1783 693 1867 ἡ
720 1785 775 1868 μέν
799 1785 853 1848 σύν
875 1783 963 1868 ἡμῶν
986 1779 1186 1868 πρεσβυτάτη
1209 1783 1265 1866 την
1290 1783 1375 1867 ᾠδὴν

201 1888 420 1975 συνεπέρανεν.
469 1886 581 1973 66415.
606 1899 668 1955 τῶν
692 1888 726 1953 δὲ
750 1893 804 1955 καί
827 1888 1018 1974 νικηθεισῶν
1045 1892 1099 1955 καὶ
1127 1889 1376 1975 λοιδορουμένων

201 1998 287 2082 ἡμῖν.
336 1997 410 2060 666.
435 1997 625 2082 ἐπε1,φησ1,
658 1999 714 2061 καί
744 1994 784 2062 δι’
808 1998 905 2080 αὐτὴν
934 2001 991 2082 τὴν
1021 2001 1100 2082 πρὸς
1129 1997 1215 2082 ἡμᾶς
1247 1999 1311 2082 ἔριν
1340 2000 1377 2062 ού

204 2116 318 2191 μικρᾶς
357 2105 415 2188 ἦτε
453 2105 618 2181 κολάσεως
657 2105 748 2184 ἄξιαι.
812 2108 885 2170 669.
922 2105 1041 2190 γελῶσι
1081 2102 1109 2169 δ’
1137 2106 1169 2170 αί
1202 2103 1376 2182 Παιονίδες.

204 2213 278 2277 669.
296 2209 674 2297 spernuntque—verba]
686 2214 740 2276 καί
754 2213 940 2299 ὀλιγωροῦσι
954 2222 1017 2278 τῶν
1034 2213 1181 2279 ἀπειλῶν.
1219 2213 1293 2278 672.
1307 2213 1378 2298 plu-

204 2317 277 2402 mis]
301 2316 498 2406 mepotgm)
545 2325 618 2404 poet
642 2321 719 2384 678ι
755 2323 805 2384 ἀεί
839 2323 894 2385 καί
927 2324 984 2397 τὰς
1012 2321 1214 2407 ἀνθρωπείας
1242 2323 1274 2386 έν
1302 2331 1380 2386 πᾶσι

205 2430 313 2513 φωνὰς
345 2435 507 2512 μιμοῦνται
531 2465 563 2485 =
589 2447 716 2512 semper
746 2435 778 2491 et
810 2428 968 2492 humanas
1003 2429 1170 2492 imitantur
1204 2428 1237 2491 in
1272 2428 1381 2492 emnia

205 2555 311 2600 voees.
320 2533 374 2614 108)

296 2643 353 2706 VI.
381 2646 430 2706 11.
455 2643 505 2707 διὰ
523 2651 586 2708 τῶν
605 2640 728 2709 Λυδίων
744 2643 878 2709 πόλεων.
929 2643 978 2706 13.
1000 2639 1179 2728 Hypaepis]
1203 2642 1380 2725 ὑπαίθροις.

211 2747 321 2835 15116.
339 2749 492 2827 πολλάκις
516 2751 547 2814 αί
570 2750 776 2828 Πακτωλίδες
798 2749 927 2835 Νύμφαι
950 2753 989 2814 τὰ
1009 2752 1130 2815 ἑαυτῶν
1146 2748 1382 2834 κατελίμπανον

209 2857 322 2946 ῥεῖθρα
346 2859 401 2922 καί
425 2857 457 2921 αἱ
481 2857 644 2942 Τμωλίδες
660 2857 788 2944 Νύμφαι
809 2861 851 2922 τὰ
875 2859 907 2922 ἐν
931 2867 975 2944 τῷ
1000 2856 1123 2942 Τμώλῳ
1147 2856 1383 2942 κατελίμπανον

210 2967 325 3045 ἀλωάς,
373 2967 459 3034 2677.
484 2965 710 3050 πεπλασμένας
734 2967 766 3031 ἐν
789 2975 853 3042 τοῖς
876 2967 1047 3050 κροτάφοις
1069 2965 1250 3050 προσέθετο
1274 2963 1384 3040 πολιάς

210 3077 265 3140 καί
295 3073 452 3158 ὑπερείδει
480 3072 639 3158 βακτηρίᾳ
672 3075 713 3136 τὰ
748 3071 851 3155 δῆθεν
887 3072 1082 3158 ἐκλελυμένοι
1115 3072 1205 3157 μέλη.
1253 3071 1386 3136 331110

212 3204 273 3247 em.
322 3183 375 3248 34.
407 3177 572 3265 relinquit]
608 3179 787 3244 κατέλιπεν.
798 3177 852 3260 104)
901 3180 953 3244 35.
988 3181 1044 3244 καί
1079 3179 1166 3264 μύλις
1193 3181 1250 3256 τὰς
1278 3188 1386 3264 χεῖρας
1419 3217 1420 3220 =

211 3289 405 3376 κατέχουσα.
453 3289 506 3352 53.
524 3283 712 3369 consistunt]
738 3288 870 3352 ἱστᾶσιν.
919 3288 970 3352 58.
995 3283 1141 3371 paviunt]
1165 3283 1385 3367 rtnreuet.¹⁰⁵)

215 3399 266 3463 59.
302 3396 438 3481 έκατέρα
475 3397 530 3480 μὲν
569 3398 622 3459 ούν
662 3395 800 3460 σπεύδει.
855 3392 908 3459 66.
943 3395 1012 3480 ipse
1047 3416 1109 3458 em.
1165 3396 1217 3456 77.
1253 3391 1385 3476 fretum]

214 3558 429 3567 ——-——-

307 3665 368 3732 101)
387 3663 511 3718 Librarii
540 3677 603 3718 esse
631 3663 805 3732 scripturam
834 3662 938 3729 λόχμης
966 3663 1046 3732 pute,
1073 3675 1148 3730 quae
1171 3660 1234 3716 iure
1252 3658 1283 3714 in
1303 3659 1388 3724 ὄχθης

216 3755 358 3811 mutanda
377 3757 428 3809 est.

309 3843 370 3910 102)
383 3844 482 3899 Peuna
498 3846 528 3898 et
539 3843 640 3912 pluma
652 3841 778 3911 propriis
793 3843 890 3898 verbis
909 3857 966 3897 nen
985 3841 1119 3908 secrevit,
1133 3840 1170 3894 cf.
1182 3838 1246 3894 XIV
1259 3835 1389 3900 499750οι

218 3939 256 3997 εἰς
274 3937 357 4001 πτερὰ
376 3934 400 3985 δ’
422 3935 542 4000 ἀπῆλθεν
565 3935 680 4000 ἡκόμη,
699 3936 746 3983 καί
765 3933 780 3984 δ
799 3933 933 3998 τράχηλος
952 3934 981 3983 δὲ
998 3938 1104 3997 πτεροῖς
1124 3929 1274 3995 έκαλύφθη,
1293 3929 1391 3978 καὶτὰ

219 4026 312 4089 στέρνα
331 4027 379 4075 καί
397 4027 430 4075 τά
449 4026 615 4090 μετάφρενα·
636 4025 713 4089 οἵγε
733 4025 782 4088 μἠν
803 4025 939 4088 βραχίονες
960 4024 1040 4086 μείζω
1058 4023 1141 4086 πτερὰ
1160 4021 1289 4085 δέχονται.

312 4114 373 4178 103)
395 4112 477 4168 Hune
497 4128 613 4168 versum
632 4112 663 4167 in
682 4126 741 4168 uno
761 4111 904 4166 Vaticano
922 4110 982 4180 legi
1002 4110 1139 4165 Oiofanus
1159 4107 1320 4164 annotavit.

311 4205 372 4269 104)
393 4202 433 4258 Of.
453 4218 519 4259 ann.
538 4205 581 4257 25.

313 4292 373 4358 105)
394 4291 513 4348 Feriunt
540 4293 691 4348 invenisse
718 4290 845 4358 videtur,
869 4289 947 4358 qued
966 4289 1089 4344 verbum
1108 4287 1196 4343 etiam
1216 4286 1240 4342 V
1261 4289 1321 4354 595,
1341 4285 1394 4341 Vll

221 4387 273 4440 428
292 4383 320 4438 in
341 4385 444 4433 τύπτειν
463 4383 559 4438 vertit.
