3410 5104
728 501 903 563 43..

230 711 310 797 μέλη
336 715 392 775 καὶ
415 713 458 788 εἰς
482 711 610 796 βαρεῖαν
634 722 739 796 νῆσον,
762 719 824 778 τῶν
842 713 944 798 μελῶν
961 713 1244 797 μεταμειφδέντων,
1261 716 1400 800 ηὐξήθη.

230 820 304 882 621.
337 819 434 904 τοίχῳ
466 819 706 904 περιειλημμένη
739 817 897 904 μέσῳ.144)
950 821 1023 883 629.
1058 820 1163 904 serae]
1193 819 1402 906 έσπέρας.145>

228 924 349 1010 Interp.
384 927 460 1010 post
495 925 691 1005 „clausere“.
739 924 850 1008 63114.
892 923 963 990 ἀλλ’
1001 925 1081 1011 ἦσαν
1116 930 1149 992 έν
1179 929 1281 1014 ἐκείνη
1314 931 1336 1012 ή
1368 950 1402 992 τε

228 1031 347 1110 Βαυκίς
379 1043 474 1118 γραῦς
506 1032 634 1117 εὐσεβής
666 1035 721 1096 καί
744 1031 761 1093 ό
784 1037 839 1117 τήν
871 1033 995 1118 ήλικίαν
1024 1036 1089 1111 ἴσος
1125 1037 1205 1119 αὐτή
1240 1035 1401 1121 Φιλήμων,

229 1139 260 1202 ot
279 1161 357 1216 τινες
378 1141 415 1204 ἐκ
431 1148 623 1224 νεωτερικῶν
639 1140 717 1204 ἐτῶν
733 1141 944 1224 συναφθέντες
959 1141 992 1205 έν
1008 1139 1112 1225 ἐκείνη
1129 1142 1348 1226 κατεγήρασαν
1364 1151 1403 1226 τῇ

228 1244 350 1332 καλύβη
366 1249 420 1311 καί
435 1250 491 1332 τήν
502 1247 610 1310 πενίαν
622 1247 843 1333 ὁμολογοῦντες
866 1248 1060 1333 κουφοτέραν
1084 1248 1206 1313 ἐποίουν
1222 1251 1278 1312 καὶ
1293 1248 1402 1333 γνώμη

228 1355 352 1438 εὐμενεῖ
383 1353 565 1439 φερομένην.
621 1355 694 1418 641.
729 1356 808 1419 κάπὶ
842 1365 897 1438 τῆς
931 1356 1077 1440 ἐσχάρας.
1132 1356 1193 1418 651
1221 1377 1305 1440 sqq.:
1351 1357 1403 1419 έπί

228 1457 347 1537 τούτοις
377 1463 412 1525 τό
444 1461 558 1546 μεταξὺ
590 1471 644 1545 τῆς
679 1460 760 1547 ὥρας
793 1459 923 1546 ὁμιλίαις
946 1462 1238 1547 παρυποκλέπτουσι
1261 1465 1316 1526 καὶ
1340 1485 1402 1526 κω-

230 1567 338 1632 λύουσι
361 1577 418 1652 πῆς
450 1567 638 1653 βραδυτῆτος
662 1569 885 1634 αἰσθάνεσθαι.
931 1566 990 1635 Ἦν
1014 1566 1041 1634 δ’
1063 1571 1133 1634 ἐκεῖ
1152 1569 1265 1645 πύελος
1289 1570 1402 1654 φηγίνη

230 1677 292 1739 ἀπὸ
316 1675 456 1759 σκληρᾶς
478 1675 576 1761 λαβῆς
598 1676 666 1760 ήλῳ
683 1677 916 1762 ἀπηωρημένη’
942 1680 1029 1762 αύτη,
1046 1675 1177 1762 χλιαροῦ
1197 1677 1409 1762 πληρωθεῖσα,

229 1782 350 1858 ὓδατος,
381 1785 453 1859 τοὺς
476 1782 573 1860 πόδας
602 1767 953 1868 δεραπευδησομένους
972 1785 1105 1870 δέχεται.
1164 1781 1217 1848 Ἐν
1244 1794 1288 1869 τῷ
1318 1785 1402 1869 μέσῳ

230 1889 265 1951 δέ
288 1891 341 1953 καί
364 1887 455 1973 κλίνη
481 1891 572 1967 ἐστίν,
598 1892 635 1954 ἐκ
658 1891 810 1974 μαλακῶν
834 1898 942 1976 φυκῶν
962 1889 1048 1975 <add
1065 1888 1184 1974 Boiss.>
1207 1891 1402 1976 ἐπικειμένου

228 2005 267 2080 τῇ
294 1996 384 2081 κλίνη
424 1998 584 2082 κοιματίου
620 2001 672 2062 καί
712 2000 816 2064 ποδῶν
856 1999 973 2064 ίτείνων
1007 2000 1235 2084 ὑποκειμένων·
1276 1998 1402 2083 ἱματίοις

233 2104 268 2166 δέ
291 2105 405 2188 ταύτην
438 2106 507 2169 κτλ.
556 2106 630 2169 663.
664 2105 869 2184 ἐξισωδεῖσαν
899 2110 955 2190 τήν
986 2109 1142 2191 τράπεζαν
1175 2107 1269 2191 μίνδη
1293 2107 1404 2191 χλωρᾷ

230 2211 333 2296 ψήχει.
391 2213 465 2275 676.
501 2216 556 2277 καί
585 2213 617 2292 ἐξ
642 2214 791 2298 ἀμπέλων
815 2217 969 2299 πορφυραί
1008 2212 1202 2298 συλλεγεῖσαι
1237 2209 1402 2296 σταφυλαί.

231 2319 304 2380 679.
330 2318 466 2402 interea]
492 2321 570 2404 μετὰ
593 2322 627 2384 δέ
650 2331 756 2386 ταῦτα.
807 2318 917 2405 69314.
944 2324 972 2385 ot
996 2318 1024 2385 δ’
1046 2323 1240 2386 ὑπακούουσι
1263 2323 1316 2384 καί
1340 2328 1402 2383 τῶν

230 2427 315 2489 θεῶν
330 2428 510 2510 προιόντων,
527 2431 620 2513 ἄμφω
634 2429 815 2514 βακτηρίαις
841 2433 881 2493 τόι
909 2427 987 2514 μέλη
1003 2430 1184 2511 κουφίζουσι
1200 2431 1266 2509 καί,
1280 2427 1403 2512 βραδεῖς

230 2542 292 2610 τοῖς
315 2534 477 2618 γηραλέοις
502 2537 599 2600 έτεσιν
633 2539 726 2613 όντες,
761 2537 935 2620 ἐπείγονται
967 2545 1010 2620 τῷ
1045 2545 1153 2621 μακρῷ
1176 2544 1231 2599 τοῠ
1255 2535 1403 2608 ἀνάντους

230 2639 395 2724 ἀναφέρειν
427 2645 497 2717 τοὺς
530 2643 638 2718 πόδας.
687 2643 798 2722 69617.
825 2642 1032 2726 μεταφέρουσι
1066 2643 1101 2705 δὲ
1123 2646 1194 2718 τοὺς
1218 2641 1402 2727 ὀφθαλμοὺς

231 2749 286 2809 καί
310 2749 414 2812 πάντα
436 2749 732 2833 καταβαπτισδέντα
755 2760 793 2832 τη
819 2749 911 2834 λίμνη
935 2747 1081 2814 θεῶνται.
1129 2749 1216 2833 Μόνη
1240 2745 1266 2812 δ’
1289 2750 1310 2832 ή
1331 2747 1402 2810 τού-

230 2875 291 2918 των
314 2853 396 2916 οἰκία
421 2855 576 2940 συμμένει.
625 2856 736 2933 70112.
762 2857 806 2918 sio
828 2855 1001 2920 Planudes.
1049 2863 1121 2940 post
1150 2857 1227 2919 702:
1253 2853 1403 2937 ἀνοίγουσί

229 2982 262 3023 τε
286 2958 379 3024 πάλιν
408 2964 497 3038 εὐνὰς
519 2965 538 3046 ή
562 2985 597 3026 τε
620 2962 736 3038 Βαυκίς
760 2965 816 3026 καί
840 2961 856 3024 ὁ
881 2963 1041 3048 Φιλήμων.
1089 2964 1163 3025 719.
1189 2961 1402 3045 Thymbreius

230 3088 292 3128 om.
341 3070 414 3129 724.
440 3070 468 3132 οί
491 3069 576 3134 θεῶν
593 3070 843 3154 ἐπιστρεφόμενοι
860 3072 930 3135 θεοί
956 3074 1079 3136 ἔσονται
1103 3073 1158 3134 καί
1174 3071 1202 3133 οἱ
1218 3067 1402 3153 τιμήσαντες

230 3175 339 3249 αὐτοὺς
362 3175 602 3259 τιμηθήσονται.
651 3176 784 3260 749150.
810 3181 859 3242 ναί
876 3179 935 3261 μὴν
958 3181 1012 3242 καί
1035 3178 1117 3241 κατὰ
1140 3176 1242 3241 τᾶλλα
1263 3176 1401 3258 τοσούτῳ

229 3281 359 3363 πᾶσαή
388 3280 492 3367 λόχμη
517 3280 568 3348 ὑπ’
592 3287 688 3368 αὐτὴν
712 3286 762 3368 ήν,
786 3286 909 3369 όσῳπερ
943 3287 1002 3350 ὑπὸ
1034 3288 1089 3368 τὴν
1122 3285 1245 3368 λόχμην
1278 3283 1401 3367 βοτάνη.

232 3389 303 3452 751.
338 3389 554 3475 όΔρυόπειος.
603 3392 676 3455 758.
706 3392 726 3476 ή
752 3391 932 3467 θεοείκελος
964 3394 1044 3477 δρῦς.
1093 3393 1166 3454 762.
1200 3393 1260 3474 οὐχ
1292 3389 1402 3473 ἑτέρως

230 3498 421 3561 ἀκοντισδέν
438 3501 515 3583 αίμα
539 3499 556 3561 ό
580 3499 686 3582 φλοιὸς
703 3500 856 3584 έῤῥευσεν.
905 3502 978 3564 770.
1005 3499 1147 3562 redditus
1173 3504 1205 3561 et
1228 3495 1346 3578 medio]
1364 3497 1402 3559 ἐκ

230 3604 263 3666 δέ
286 3613 340 3666 τοῦ
364 3605 459 3688 μέσου
482 3615 536 3669 τοῦ
562 3605 689 3690 δένδρου
714 3605 892 3672 ἀναδίδοται
915 3638 950 3656 =
977 3606 1081 3670 editus
1105 3627 1122 3668 e
1147 3605 1252 3668 medio
1277 3601 1401 3688 eqs.¹4⁶)

321 3765 382 3830 144)
405 3764 506 3819 Utrum
525 3763 623 3818 medio
640 3779 675 3818 an
698 3764 812 3820 modico
825 3764 973 3819 Planudes
986 3763 1141 3830 invenerit,
1161 3778 1212 3833 pro
1227 3763 1305 3817 certo
1325 3762 1403 3816 affir-

230 3853 304 3908 mari
317 3869 374 3908 non
389 3856 493 3923 potest,
507 3854 576 3923 quia
594 3856 751 3922 utrumque
766 3854 883 3910 Graecis
900 3869 960 3909 una
978 3868 1049 3908 voce
1068 3857 1145 3918 μέσος
1158 3852 1306 3922 appellare
1324 3851 1403 3918 lieet,

231 3955 317 4010 quam
337 3943 481 4012 interpres
508 3943 645 3998 reddidit.
692 3945 828 3999 Attamen
860 3943 993 4017 „medio‘fi
1019 3959 1086 3998 eum
1113 3943 1262 3997 invenisse
1290 3941 1402 4010 opinor,

230 4047 297 4086 eum
316 4031 357 4086 ΙΙΙ
377 4036 427 4087 569
447 4033 561 4088 medico
587 4034 712 4103 strepitu
735 4033 766 4088 in
795 4035 909 4099 φλοίσβῳ
929 4035 1061 4099 συμμέτρῳ
1085 4034 1114 4087 et
1138 4031 1188 4086 XV
1208 4034 1258 4086 699
1278 4029 1403 4085 modicis

230 4121 365 4191 zephyris
384 4122 415 4176 in
433 4125 545 4188 μετρίοις
564 4124 683 4188 ζεφύροις
703 4123 832 4178 verterit.
1395 4119 1403 4130 ⁸

321 4213 382 4277 145)
403 4211 486 4280 LegIt
504 4213 595 4280 igitur
612 4227 664 4281 pro
686 4211 799 4279 „serae“
820 4227 893 4267 sero.

322 4304 382 4364 146)
401 4301 474 4355 Nam
499 4302 609 4371 optime
627 4302 771 4370 interpres
796 4301 881 4357 edere
901 4304 929 4357 et
957 4301 1078 4357 reddere
1107 4302 1250 4371 distinxit,
1280 4315 1403 4371 quorum

230 4388 286 4444 hoc
314 4389 344 4445 in
372 4393 524 4442 ἀποδιδόναι
551 4391 577 4446 II
598 4394 658 4458 110,
688 4394 747 4458 563,
768 4395 828 4459 644,
851 4394 912 4460 695,
941 4392 1048 4460 Vter,
1076 4396 1136 4460 656,
1165 4392 1234 4446 VIII
1253 4395 1314 4460 505,
1342 4391 1403 4456 879,
