3410 5104
848 501 1023 562 ,46-

348 709 475 787 ταόταις
508 708 562 772 καί
586 711 603 774 ό
627 709 735 788 Κάκος
768 713 805 775 τό
829 710 960 796 φοβερόν
993 710 1083 796 τέρας
1118 719 1161 796 τῷ
1197 711 1344 796 Τιβερίνῳ
1379 707 1521 796 αἰγιαλῷ.
1654 638 1655 690 ί

351 817 425 882 204.
462 817 479 880 ό
514 812 543 880 δ’
576 815 761 901 Εὐρυσθεὺς
798 817 938 902 έῤῥωται.
1001 820 1076 882 208.
1115 814 1320 903 frementem]
1360 819 1521 904 τρέμοντα.

350 925 424 988 209.
460 922 648 1008 infringere]
685 923 912 1009 διαρρηγνόναι.
923 923 975 1004 153)
1035 928 1110 988 212.
1146 926 1341 1011 θροούμενον
1376 930 1429 990 καί
1463 926 1523 990 όπδ
1655 915 1656 926 ’

349 1031 459 1115 κοίλην
482 1031 702 1116 κατεπτηχότα
726 1032 850 1117 πέτραν.
884 1035 958 1095 217.
982 1035 1036 1096 καί
1058 1035 1135 1118 πρὸς
1157 1044 1220 1110 τοῖς
1243 1033 1369 1116 γόνασιν
1392 1036 1523 1098 καὶτῶν

349 1148 462 1225 χειρῶν
495 1139 809 1224 παρασκευαζόμενον
846 1141 1002 1224 ἅψασθαι.
1056 1143 1130 1204 222.
1166 1143 1219 1205 καί
1254 1153 1309 1226 τῆς
1343 1142 1445 1227 χιόνος
1479 1151 1523 1226 τῷ
1656 1229 1657 1236 η

349 1244 454 1330 οἰκείῳ
479 1246 565 1331 βοίρει
590 1245 634 1328 [=
652 1245 748 1328 mole]
765 1245 1010 1332 συνειλουμένης.
1059 1249 1133 1312 227.
1150 1257 1203 1313 νῦν
1226 1244 1254 1313 δ’
1269 1249 1302 1314 ἐν
1324 1259 1363 1334 τῇ
1386 1248 1524 1334 Εὐβοικη

350 1353 494 1438 θαλάττῃ
530 1352 646 1439 βραχὺς
673 1355 778 1440 ἀνέχει
817 1354 980 1432 σκόπελος.
1035 1357 1109 1418 236.
1144 1365 1188 1440 τῷ
1224 1353 1352 1441 Νεμαίῳ
1388 1355 1523 1440 δέρματι.

351 1462 425 1523 241.
449 1463 503 1524 καί
526 1461 580 1525 τόν
602 1480 637 1525 τε
652 1471 905 1546 καταφρονοῦντα
920 1462 1033 1546 ταύτης
1049 1465 1102 1527 καί
1117 1465 1157 1526 τὰ
1173 1460 1293 1527 ἐκείνου
1310 1462 1388 1547 μέλη
1407 1462 1524 1548 μετῄει.
1657 1454 1658 1470 ’

352 1568 425 1630 248.
450 1569 478 1630 εἰ
511 1570 572 1651 γὰρ
607 1561 699 1632 τοῦθ’
733 1570 818 1652 ὑμεῖς
853 1565 956 1632 δίδοτε
991 1580 1053 1645 τοῖς
1086 1569 1205 1634 ἐκείνου
1239 1569 1524 1654 μεγαλουργήμοισι.

351 1675 425 1737 250.
462 1676 517 1750 τὰς
552 1672 679 1751 Οἰταίας
714 1678 755 1759 μὴ
791 1675 892 1740 δέδιτε
927 1676 1055 1760 φλόγας.
1102 1675 1177 1739 253.
1214 1697 1233 1739 a
1268 1672 1332 1760 me]
1369 1677 1401 1755 ἐξ
1436 1677 1524 1761 ἐμοῦ.
1658 1731 1659 1740 ,

350 1781 425 1845 258.
451 1781 526 1844 data
548 1782 693 1864 praemia
716 1781 813 1864 nolet]
839 1786 879 1866 μὴ
903 1783 1048 1848 τιθέσθω
1071 1793 1109 1868 τῇ
1126 1783 1269 1867 διδομένη
1287 1786 1394 1868 ταυτῃί
1410 1783 1524 1869 χοίριτι.

351 1889 425 1950 262.
444 1888 744 1972 seque—notatam]
761 1893 815 1953 καὶ
832 1890 1001 1974 ἀλγήσασα
1016 1891 1054 1972 δὴ
1070 1889 1263 1976 πεφώραται.
1296 1890 1370 1954 263.
1388 1888 1524 1971 interea]

350 1995 428 2079 μετὰ
451 1996 485 2059 δέ
508 2006 600 2059 τοῦτο
609 1994 661 2077 154)
709 1997 782 2061 269.
808 1994 825 2057 ό
849 1994 1118 2081 Τιρυνθίδιος.155)
1143 1995 1254 2080 27415.
1279 1999 1401 2081 ησθετο
1423 1997 1525 2062 τοίνυν

350 2104 405 2165 καί
428 2103 445 2165 ό
468 2099 587 2180 Ἄτλας
609 2112 664 2168 του
680 2103 803 2188 βάρους.
836 2105 852 2167 ό
876 2105 909 2168 δέ
932 2103 1117 2182 Σθενέλειος
1140 2107 1225 2189 ἥρως
1240 2102 1422 2188 Εὐρυσθεὺς
1438 2106 1526 2168 οὔπω

350 2211 385 2271 τό
410 2219 498 2290 μῖσος
521 2210 639 2287 ἔλυσεν,
664 2209 746 2276 ἀλλὰ
773 2215 829 2296 τὴν
853 2215 1003 2296 πατρικὴν
1027 2210 1147 2297 ἔχθραν
1170 2215 1224 2276 καί
1247 2213 1297 2277 ἐπὶ
1320 2221 1383 2288 τοῖς
1405 2211 1526 2275 ἐκείνου

351 2319 438 2380 παισί
463 2318 644 2403 μετέρχεται
665 2320 805 2402 ἀπηνῶς.
814 2316 867 2397 156)
905 2319 979 2382 279.
1005 2325 1077 2403 post
1098 2318 1292 2398 ,‚Herculis“
1316 2320 1444 2403 interp,
1464 2318 1527 2382 hoe

350 2445 467 2488 nomen
482 2447 554 2488 cnm
570 2426 699 2505 „Iolen“
715 2427 923 2508 coniungene
949 2427 1023 2489 280.
1037 2423 1159 2503 Ὕλλος.
1185 2425 1295 2504 28112.
1310 2427 1526 2510 impleratque

352 2531 551 2596 —Alcmene
576 2555 637 2596 om.
686 2534 759 2596 284.
785 2536 841 2616 την
871 2532 1076 2617 ἐφισταμένην
1099 2544 1165 2609 ταῖς
1190 2534 1310 2610 ιὐδίναις
1332 2533 1524 2597 Εἰλείθυιαν.

352 2641 426 2702 289.
451 2635 574 2724 posses]
599 2641 640 2717 ὡς
664 2641 826 2706 δύνασθαι.
860 2639 934 2704 295.
951 2640 1115 2724 Nixosque
1130 2637 1252 2724 patres]
1268 2644 1322 2706 τὸν
1337 2650 1395 2724 τῆς
1418 2640 1525 2714 ὠδῖνος

351 2746 480 2831 πατέρα.
528 2749 603 2811 297.
628 2743 771 2832 iniquae]
800 2747 1007 2832 ἀσυμπαθῶς.
1056 2749 1129 2811 299.
1155 2749 1209 2810 καί
1243 2757 1281 2832 τη
1318 2747 1403 2831 δεξιᾷ
1437 2746 1525 2829 ίγνίιη

351 2857 386 2918 τό
409 2855 496 2919 λαιόν
519 2855 654 2919 πιέσασα
687 2855 762 2940 γόνυ
795 2858 849 2918 καὶ
883 2858 955 2931 τοὺς
979 2854 1152 2931 δακτύλους
1175 2853 1245 2918 κτλ.
1294 2854 1367 2917 305.
1393 2849 1524 2932 adsunt]

351 2962 488 3045 παρίασι.
506 2960 633 3045 queror]
647 2962 740 3046 λέγω.
773 2962 847 3026 307.
870 2961 1032 3039 Γελανθίς.
1066 2962 1140 3025 317.
1157 2961 1342 3026 Γελανθίδα.
1381 2961 1455 3025 320.
1472 2961 1525 3023 καί

351 3073 405 3145 τὰς
428 3072 497 3152 πρίν
521 3079 626 3154 χεῖρας
653 3069 695 3146 εἰς
728 3069 825 3146 πόδας
860 3069 1056 3154 μετήμειψεν.
1104 3064 1216 3152 32718.
1246 3068 1327 3132 ἀλλοί
1351 3089 1387 3132 σε
1411 3069 1474 3151 μέν,
1500 3063 1525 3129 ὦ

353 3187 458 3262 μῆτερ,
484 3179 555 3261 ἀνιᾷ
589 3178 621 3255 ἐξ
644 3175 808 3261 ἀλλοτρίας
841 3179 987 3260 γυναικός
1010 3185 1064 3240 τοῦ
1099 3176 1248 3260 ὑμετέρου
1283 3178 1410 3259 αἵματος
1434 3175 1525 3258 ἀφαι-

353 3285 483 3368 ρεθεῖσα
507 3285 618 3369 μορφή.
659 3285 733 3347 342.
756 3286 789 3347 in
811 3281 911 3367 spem]
936 3284 969 3346 έν
986 3285 1059 3348 εἴδει
1076 3320 1111 3342 --
1126 3284 1158 3346 in
1173 3283 1289 3367 specie.
1337 3277 1524 3360 34715101]

351 3392 500 3476 γέροντες.
554 3391 627 3455 348.
657 3389 741 3472 lotis]
772 3390 880 3466 Λωτός
914 3389 1038 3474 Νύμφη.
1095 3390 1159 3454 350
1184 3411 1246 3473 sq.:
1275 3388 1525 3471 Καταπλαγεῖσα

353 3500 463 3562 δὲκαὶ
493 3497 535 3574 εἰς
567 3499 702 3582 τούπίσω
731 3507 878 3583 χωροῦσα
909 3498 1041 3580 κάπειδη
1074 3507 1140 3573 ταῖς
1163 3495 1307 3582 Νύμφαις
1330 3495 1444 3580 ηὔξατο
1468 3493 1525 3558 θέ-

342 3607 451 3670 λουσα
475 3605 605 3684 ἀπιέναι,
623 3605 866 3691 προισχομένους
889 3606 968 3688 ἔγνω
989 3607 1059 3680 τοὺς
1076 3603 1172 3681 πόδας
1188 3602 1293 3685 ῥίζαις.
1327 3604 1401 3667 354.
1419 3602 1525 3664 lentus

444 3765 504 3831 153)
533 3764 637 3819 Utrum
656 3763 818 3832 infringere
845 3778 882 3817 an
911 3762 1071 3830 refringere
1099 3761 1253 3827 invenerit,
1283 3759 1445 3814 diiudicare
1465 3773 1523 3812 non

351 3869 479 3927 possum,
499 3855 569 3922 quia
587 3869 680 3922 neque
702 3853 756 3907 hee
776 3868 869 3922 neque
889 3851 963 3906 illud
992 3851 1049 3906 elio
1076 3851 1140 3905 1000
1169 3851 1199 3904 in
1226 3850 1408 3915 διαρρηγνόνιιι
1427 3847 1524 3913 vertit,

353 3945 388 3999 cf.
411 3944 448 3997 VI
467 3946 518 3997 597
539 3941 683 4011 refringit]
704 3944 834 4006 συντρίβει.
866 3941 976 4008 71627)
996 3939 1131 4007 infracta]
1159 3939 1336 4000 έπικλασθεις.
1373 3936 1524 3991 1178711]-

351 4032 453 4101 fregit]
474 4033 612 4086 ἀνέκλασε,
649 4031 675 4085 X
689 4035 737 4085 191
759 4029 912 4100 infringat]
931 4032 1050 4091 κατάξοι.

445 4122 505 4189 154)
527 4121 573 4177 Sic
593 4122 680 4176 etiam
702 4121 712 4174 1
733 4123 792 4188 388,
814 4123 873 4174 601.
894 4119 917 4174 11
939 4121 996 4187 153,
1017 4121 1066 4172 381
1088 4119 1117 4172 et
1137 4117 1237 4171 multis
1257 4117 1324 4170 aliis
1343 4117 1424 4170 locis.

444 4212 505 4272 155)
526 4211 581 4266 Sed
601 4210 735 4265 reeteIX
754 4213 796 4264 66.

444 4302 504 4368 156)
525 4301 759 4370 Dittographiain
776 4299 885 4354 codicis
896 4299 1036 4353 Marciani
1046 4298 1131 4352 heros
1144 4299 1174 4361 1-
1187 4297 1245 4351 iras
1261 4297 1290 4350 in
1303 4311 1355 4350 sno
1367 4292 1525 4363 exemplari

352 4392 465 4448 hebuit.
