3410 5104
713 515 888 580 „35-

213 731 289 798 262.
315 735 392 816 μετὰ
416 731 450 794 δέ
473 735 564 794 τοῦτο
588 733 622 794 τὸ
643 729 830 816 δραστήριον
855 732 1022 816 φάρμακον
1051 733 1083 795 ἐν
1106 731 1243 816 χαλκείῳ
1269 731 1389 817 βληθέν

212 845 270 923 ζεῖ.
318 833 430 921 26748.
454 837 647 922 προστίθησι
670 839 725 900 καί
748 837 885 923 ψάμμον,
910 839 950 922 ήν
966 839 987 923 ή
1001 846 1056 901 τοῦ
1072 838 1216 903 ὠκεανοῦ
1239 839 1389 903 θάλαττα

214 949 448 1032 πλημμυροῦσα
485 945 525 1028 δή
561 945 670 1024 κλύζει
702 947 757 1009 καί
789 946 914 1030 πάχνην
945 947 1056 1022 νυκτὸς
1084 947 1145 1010 ὑπὸ
1174 949 1229 1030 τήν
1254 945 1391 1030 σελήνην

215 1054 462 1138 συναμηθεῖσαν.
495 1054 569 1115 271.
594 1049 665 1116 οὐδὲ
683 1100 689 1114 .
709 1101 715 1114 .
736 1101 743 1113 .
768 1052 897 1116 ἐκείνων
923 1054 1016 1136 ἀπήν.
1049 1053 1123 1115 272.
1147 1051 1325 1137 Κιννυρίου.
1335 1049 1391 1144 134)

217 1165 292 1227 274.
322 1181 379 1230 ora
403 1180 465 1222 om.
500 1180 561 1242 que
586 1181 647 1222 om.
696 1160 769 1222 276.
794 1160 993 1243 propositum
1020 1207 1027 1220 .
1054 1207 1060 1220 .
1086 1207 1093 1221 .
1118 1157 1234 1240 maius]
1265 1156 1391 1224 πάντων

217 1268 441 1354 ὑπερκείμενον
472 1267 583 1350 δωρον.
632 1266 704 1330 284.
731 1267 840 1330 mollia
871 1287 933 1330 om.
982 1268 1045 1331 292
1063 1287 1131 1350 sqq.
1160 1269 1215 1330 καί
1243 1267 1259 1330 δ
1287 1264 1391 1330 Αἴσων

219 1375 424 1460 ἐκπλήττεται
447 1376 502 1437 καί
528 1383 666 1438 τοιοῦτον
683 1373 955 1458 ἀναμιμνήσκεται
983 1374 1094 1438 ἑαυτὸν
1111 1373 1173 1450 οίὸς
1189 1393 1265 1438 ποτε
1281 1395 1392 1437 τεσσα-

219 1483 432 1570 ρακοντούτης
462 1482 587 1566 ὑπῆρχε
610 1483 666 1544 καί
690 1481 792 1566 ψυχης
826 1480 935 1565 ἑτέραν
957 1481 1058 1567 ὁρμήν
1093 1481 1298 1557 ὑποδέδυκεν,
1323 1481 1391 1544 ἐπεί

219 1601 310 1656 τοῦτο
326 1591 434 1673 ἀφήκε
449 1591 484 1652 τὸ
501 1598 613 1672 γήρας.
655 1588 730 1652 305.
747 1586 954 1670 revirescere]
973 1585 1207 1673 &infitooet.¹2⁵)
1245 1588 1319 1652 306.
1337 1591 1393 1650 καί

220 1700 296 1762 αὐτὸ
319 1706 409 1760 τοῦτο
433 1697 591 1760 αἰτοῦνται
625 1698 680 1758 καί
704 1697 835 1780 χάριτας
860 1697 1125 1781 ἀπομνημονεύειν
1149 1698 1227 1780 αὐτή
1252 1696 1303 1758 διὰ
1327 1693 1392 1778 βίου

219 1805 433 1890 ὁμολογοῦσιν.
481 1803 557 1866 308.
590 1805 645 1879 τὰς
678 1803 782 1887 ψυχὰς
812 1803 940 1868 ἐκείνων
973 1803 1139 1888 δεομένων.
1187 1802 1262 1865 311.
1286 1801 1395 1886 gregis

219 1930 283 1976 om.
330 1911 404 1974 317.
429 1911 457 1974 οἱ
481 1911 516 1974 δέ
538 1913 577 1974 τὰ
599 1909 822 1994 τοῦσώματος
846 1909 924 1994 μέλη
949 1910 1165 1975 συστέλλουσι.
1212 1909 1286 1973 326.
1311 1909 1333 1992 ή
1358 1909 1394 1972 δέ

218 2019 420 2103 κακοῤῥάφος
443 2017 579 2102 Αἰητιάς.
617 2017 730 2102 rapido
755 2039 818 2080 om.
866 2018 941 2082 329.
965 2020 1019 2080 καί
1044 2020 1100 2082 σὺν
1122 2026 1167 2102 τῷ
1185 2017 1306 2102 βασιλεῖ
1324 2019 1394 2092 τοὺς

220 2127 341 2190 ἐκείνου
358 2133 487 2210 κατεῖχε
503 2125 658 2209 φύλακας.
705 2123 780 2200 338.
806 2125 949 2188 coniecto
974 2145 1035 2186 om.
1083 2124 1158 2187 342.
1180 2145 1313 2187 aversae
1330 2145 1392 2187 om.

220 2234 295 2298 343.
321 2235 338 2297 δ
362 2229 389 2297 δ’
403 2233 545 2317 αἰφνιδίῳ
577 2231 816 2317 περιρρεόμενος
853 2234 971 2316 αίματι,
1007 2233 1090 2315 ὅμως
1122 2233 1201 2316 αἴρει
1231 2233 1272 2294 τὰ
1303 2231 1392 2315 μέλη.

221 2341 296 2404 346.
333 2339 410 2423 quid
445 2334 515 2423 vos]
548 2339 592 2415 τίς
632 2341 721 2424 ὑμᾶς.
788 2339 863 2402 352.
900 2341 955 2402 καί
986 2339 1044 2422 τήν
1077 2337 1244 2422 Φιλύρειον
1279 2339 1392 2402 ἑστίαν.

222 2448 296 2511 357.
322 2447 468 2529 Πιτάνην.
502 2441 666 2530 relinquit]
691 2447 823 2530 ἀφῆκεν.
876 2447 950 2510 361.
974 2455 1029 2509 τοῦ
1053 2445 1226 2530 Κορῦβδου.
1266 2445 1340 2507 362.
1363 2446 1396 2507 αἱ

223 2554 314 2638 Κῷαι
356 2552 495 2636 μητέρες.
554 2553 628 2616 366.
661 2552 822 2634 vitiantes]
857 2551 1109 2638 μεταμείβοντας.
1165 2553 1240 2616 368.
1273 2553 1328 2614 καὶ
1357 2554 1396 2613 τά

221 2667 278 2740 τῆς
309 2659 444 2742 ἀρχαίας
477 2655 533 2722 Κῶ
565 2659 715 2743 Καρχήια
744 2660 845 2744 τείχη.
892 2660 967 2722 371.
1000 2659 1090 2722 lacus
1119 2656 1246 2743 Hyries]
1278 2660 1312 2721 τὸ
1341 2668 1395 2740 τῆς

222 2759 327 2850 Ὑβίας
350 2765 464 2840 κλίτος.
474 2763 527 2844 126)
574 2762 686 2848 37546.
712 2766 863 2850 ἐνίκησεν.
910 2761 1008 2830 Ἐσθ’
1031 2767 1076 2829 ὅτι
1100 2767 1143 2842 δὲ,
1165 2775 1227 2841 τοῖς
1242 2765 1397 2837 παιδικοῖς

225 2871 281 2954 [sie
314 2871 417 2934 BoisS.
452 2881 515 2948 τοῖς
544 2871 675 2948 παιδίοις
706 2871 808 2952 codd.]
846 2873 1053 2958 ὀργιζόμενος,
1089 2872 1278 2955 ἀπηναίνετο
1312 2872 1397 2955 δῶρα

224 2979 345 3065 μεγάλα
368 2987 484 3062 ταῦρον
509 2979 641 3043 αἰτοῦντι
669 2979 832 3064 παρέχειν.
880 2980 955 3043 380.
981 2981 1103 3043 servari
1126 2977 1245 3060 nescia]
1272 2979 1314 3064 μή
1340 2998 1397 3061 μα-

226 3089 331 3151 θοῦσα
366 3096 474 3151 τοῦτον
511 3086 666 3151 σωθέντα.
714 3086 788 3149 383.
818 3083 951 3171 Combe]
988 3083 1112 3172 Ἰάμβη.
1160 3087 1234 3152 390.
1270 3087 1328 3170 τήν
1362 3108 1398 3150 τε

225 3194 376 3279 Εὐμήλου
401 3195 502 3258 οἰκίαν
526 3195 718 3269 πενθοῦντος
741 3195 784 3270 εἰς
807 3194 886 3278 ἀέρα
910 3195 968 3278 τήν
993 3194 1167 3279 θυγατέρα.
1216 3193 1326 3276 39546.
1344 3197 1398 3256 καὶ

226 3311 335 3377 κακῶς
358 3302 419 3365 είδε
435 3304 488 3365 τδν
505 3311 559 3364 τοῦ
577 3301 731 3386 βασιλέως
754 3299 841 3365 οἶκον
865 3301 1032 3386 καιόμενον
1056 3303 1112 3364 καί
1135 3311 1178 3385 τῷ
1201 3301 1312 3385 λύθρῳ
1336 3311 1398 3364 τῶν

225 3409 344 3473 τέκνων
369 3408 521 3492 ἑκατέρου
545 3411 580 3472 τὸ
604 3409 793 3493 ἀσυμπαθές
817 3408 901 3492 ξίφος
922 3405 1145 3492 περιεῤῥάνθη.
1186 3406 1261 3470 399.
1280 3407 1398 3471 δικαιό-

225 3539 298 3581 τατε
338 3513 443 3580 Φινεῦ.
498 3516 573 3579 401.
607 3525 661 3580 τοῦ
703 3515 940 3601 Πολυπήμονος.
994 3511 1129 3597 409410.
1172 3515 1239 3578 ἐστι
1279 3514 1338 3598 γάρ
1370 3536 1399 3577 τι

227 3625 385 3687 σκοτεινὸν
409 3622 571 3706 ζοφὼδους
594 3625 758 3708 χάσματος
782 3619 946 3704 σπήλαιον,
971 3624 1003 3685 ἐν
1027 3620 1052 3706 ᾧ
1073 3622 1229 3704 κατάντης
1248 3621 1293 3696 τίς
1316 3622 1398 3684 ἐστιν

227 3731 307 3805 ὁδὸς,
334 3725 373 3792 δι’
395 3730 518 3812 ήςκτλ.
560 3732 634 3794 410.
652 3730 746 3792 heros
762 3751 825 3792 om.
864 3728 938 3791 413.
962 3726 1161 3812 ἐξανήγαγεν.
1194 3730 1268 3790 421.
1286 3727 1400 3812 ignara

230 3835 452 3916 ...dextrat
477 3837 596 3921 ἀγνοίᾳ.
643 3836 718 3898 429.
744 3846 851 3899 torosa
881 3857 942 3898 om.
991 3857 1111 3898 cornua
1135 3857 1196 3898 om.
1240 3834 1314 3898 430.
1338 3845 1399 3910 τοῖς

321 4029 382 4096 124)
396 4024 460 4084 'Sed
479 4029 503 4084 V
525 4033 575 4083 124
594 4031 728 4094 Κινυρεῦς.

321 4119 383 4184 125)
403 4118 479 4185 Quid
492 4119 646 4185 invenerit,
667 4120 730 4172 erui
747 4134 803 4173 non
824 4120 929 4187 potest,
949 4118 1018 4187 quia
1037 4117 1138 4196 11408,
1159 4132 1215 4186 quo
1233 4117 1297 4173 loco
1317 4117 1400 4173 codd.

231 4207 354 4274 variant,
380 4208 542 4259 ἀναθάλλειν
562 4212 590 4262 et
609 4206 659 4260 VII
680 4212 721 4275 77,
741 4207 792 4262 ubi
812 4207 967 4262 Sitliiensis
983 4205 1013 4261 Μ
1034 4209 1085 4262 618
1115 4207 1249 4272 „flamma
1276 4208 1398 4262 revixit“

231 4295 360 4366 praebet,
380 4297 446 4360 φλὸξ
466 4300 600 4362 ἀνέλαμψε
619 4297 744 4366 exhibet.

321 4387 382 4452 126)
402 4385 459 4440 Sed
477 4389 555 4441 reete
574 4389 626 4440 380
642 4384 726 4451 Ὑρία.

1243 4490 1276 4545 3ΰ
