3410 5104
302 1691 479 1793 Maximus
502 1725 666 1790 Planudes
693 1722 818 1808 primus
846 1722 974 1788 saeculo
996 1721 1081 1785 XIII
1105 1727 1242 1792 exeunte
1265 1719 1390 1797 litteras

213 1833 346 1898 Latinas
373 1854 393 1897 a
421 1831 578 1897 memoria
608 1837 750 1922 remo-tas
780 1830 930 1915 repetivit
959 1835 991 1893 et
1021 1829 1176 1894 nonnulla
1198 1827 1389 1892 Latinorum

214 1941 333 2026 scripta
355 1939 389 2004 in
411 1939 556 2024 linguam
581 1937 741 2004 Graecam
763 1922 869 2002 vertit.
908 1936 979 2000 Has
1002 1937 1087 2000 inter
1108 1928 1391 2020 interpretationes

214 2048 346 2112 Catonis
381 2047 528 2126 disticha,
564 2044 692 2110 Boethii
720 2044 760 2108 de
795 2043 1014 2108 consolatione
1048 2043 1270 2128 philosophiae
1304 2042 1390 2118 libri,
1489 2051 1490 2056 ’

214 2155 324 2219 Ovidii
346 2153 623 2238 Metamorphoses
646 2151 680 2216 in
710 2150 871 2216 Graecam
897 2151 1043 2235 linguam
1071 2149 1253 2234 pedestrem
1276 2170 1391 2214 versae

214 2267 352 2327 exstant.
399 2261 494 2324 Hanc
517 2260 701 2324 versionem
724 2259 882 2344 praebent
906 2257 1032 2322 codices
1055 2257 1196 2321 Parisini
1219 2257 1306 2321 2848
1332 2254 1391 2337 (Α)

214 2376 247 2433 et
270 2370 357 2434 2849
382 2367 450 2449 (Β),
479 2389 617 2452 quorum
640 2367 730 2452 prior
753 2387 833 2451 opus
857 2366 1019 2450 integrum
1048 2365 1280 2450 complectitur,
1309 2364 1392 2427 alter

215 2475 324 2538 deficit
346 2475 379 2537 in
396 2475 502 2539 octavi
516 2475 589 2538 libri
605 2496 702 2538 versu
723 2473 1005 2558 septingentesimo
1021 2472 1145 2536 decimo
1162 2476 1287 2556 quarto,
1304 2471 1391 2534 unde

197 2581 258 2659 ,lad
286 2581 520 2664 complendam,
551 2602 648 2664 quam
677 2581 827 2645 Lemaire
855 2581 1048 2654 instituerat,
1077 2578 1186 2642 Ovidii
1215 2577 1389 2642 editionem

194 2683 197 2691 ’
216 2687 255 2750 A.
280 2685 508 2751 Boissonadius
532 2709 560 2751 a.
581 2689 664 2752 1822
690 2688 778 2752 foras
802 2688 891 2751 dedit
912 2709 977 2752 non
1000 2687 1046 2750 ita
1068 2687 1160 2751 bene.
1207 2685 1291 2749 Nam
1316 2705 1390 2748 cum

215 2793 429 2857 fundamenta
451 2795 641 2859 recensendi
664 2795 886 2858 tantummodo
919 2795 953 2858 iu
985 2794 1049 2858 illis
1077 2793 1203 2858 duobus
1227 2791 1391 2856 codicibus

217 2907 249 2964 et
271 2899 347 2964 inde
376 2921 394 2964 a
417 2899 491 2964 libri
514 2899 596 2965 VIII
620 2923 650 2965 v.
676 2901 741 2965 714
765 2902 798 2965 in
832 2923 896 2965 uno
928 2901 1033 2986 posita
1062 2901 1135 2982 sint,
1164 2900 1261 2964 editio
1289 2899 1389 2963 veluti

216 3007 346 3072 vacillat
373 3014 469 3092 atque
498 3007 658 3072 claudicat
692 3009 866 3094 multisque
900 3009 990 3089 locis,
1019 3014 1177 3093 quatenus
1214 3008 1390 3092 scripturas

217 3135 290 3178 cum
329 3113 438 3179 Ovidii
474 3115 582 3180 verbis
625 3117 858 3200 discrepantes,
897 3116 925 3180 si
966 3116 1072 3180 neutri
1110 3115 1266 3178 versionis
1304 3114 1387 3179 libro

215 3223 313 3286 fidem
341 3243 410 3286 esse
439 3229 583 3308 apparet,
607 3223 747 3288 Planudi
775 3221 837 3308 ipsi
865 3223 971 3308 potius
1001 3244 1098 3308 quam
1121 3222 1245 3286 librarii
1279 3223 1390 3308 negle-

217 3329 345 3413 gentiae
379 3329 606 3405 attribuamus,
643 3337 692 3396 est
729 3332 763 3396 in
803 3331 909 3395 dubio·
958 3329 1048 3412 Quae
1086 3331 1389 3415 metamorphoseon

216 3437 335 3507 versio,
376 3459 450 3502 oum
487 3459 593 3522 neque
630 3439 671 3503 ob
711 3446 811 3503 artem
850 3439 997 3503 vertendi
1036 3459 1142 3523 neque
1185 3439 1226 3502 ob
1263 3439 1390 3503 (licendi

217 3564 319 3627 genus
341 3544 467 3609 laudari
493 3547 604 3630 possit,
633 3552 740 3610 tamen
777 3547 917 3610 maximo
945 3545 1019 3610 usui
1046 3545 1139 3610 nobis
1167 3552 1275 3610 estut
1299 3546 1389 3611 adiu-

216 3657 361 3715 mentum
401 3652 547 3716 eriticum
588 3659 621 3716 et
661 3655 895 3718 emendationis
937 3653 1127 3733 subsidium,
1166 3654 1243 3738 quia
1281 3654 1388 3718 Ovidii

217 3758 289 3821 libri
313 3759 477 3824 codicibus
499 3761 671 3825 traduntur
693 3783 757 3826 non
782 3762 862 3826 adeo
886 3761 989 3833 bonis,
1016 3767 1052 3825 ut
1066 3741 1248 3824 versionem
1265 3783 1289 3824 s.
1307 3761 1390 3825 XIlI

218 3883 354 3948 eamque
378 3888 489 3930 omnes
512 3868 812 3953 Metamorphoseon
836 3869 936 3933 libros
965 3869 1215 3953 amplectentem
1238 3890 1390 3954 respuere

218 3971 322 4034 liceat.
353 3972 433 4036 Mihi
449 3980 556 4038 autem
573 3975 792 4060 investiganti,
811 3982 965 4059 quantam
982 3975 1208 4039 auctoritatem
1225 3978 1391 4061 exemplar

218 4076 422 4144 Planudeum
454 4083 708 4165 nancisceretur,
741 4089 789 4147 tot
820 4089 992 4168 tantaeque
1029 4083 1179 4168 egregiae
1212 4084 1389 4168 scripturae

219 4195 438 4269 occurrerunt,
470 4191 585 4273 quibus
617 4191 725 4254 nullus
757 4191 839 4254 liber
867 4191 980 4254 eodem
1009 4191 1104 4254 modo
1135 4191 1388 4264 commendatur,

218 4301 254 4356 nt
270 4293 450 4358 l'lanudem
466 4297 575 4360 codice
591 4319 655 4361 non
680 4297 800 4382 optimo
825 4319 918 4361 usum
942 4319 1021 4378 esse,
1047 4319 1103 4361 cur
1126 4298 1247 4363 diceret
1262 4297 1390 4363 Boisso-

272 4434 330 4474 ntes.
345 4436 370 4475 u.
386 4432 507 4477 aliiensi.
1233 4425 1245 4474 1
