3410 5104
708 511 882 574 ..ςή-

207 744 281 808 308.
298 737 465 816 Ἀστυλος.
503 741 577 806 310.
595 737 728 826 Ἀραῐος.
766 737 878 825 31213.
896 740 1104 827 ἀντιμέτωπος
1119 740 1172 807 καί
1188 745 1238 823 σὺ,
1254 741 1380 825 Καινεῦ,

207 848 304 927 ἐδέξω
339 852 375 914 τὸ
409 860 539 934 τραῦμα.
592 849 667 915 318.
704 845 816 930 mirta]
852 845 1081 935 ἀπηρτημένος.
1136 851 1210 915 322.
1247 847 1379 937 Φόρβος.

207 953 361 1042 moratus]
377 956 482 1022 είπῶν.
513 957 589 1021 327.
607 952 732 1038 tollere]
750 957 879 1042 ἐξαίρειν
892 996 925 1016 =
938 954 1127 1040 tollerem)
1159 957 1235 1022 330.
1251 955 1380 1022 Petraei

206 1086 268 1128 orn.
302 1064 376 1129 333.
394 1065 542 1151 Χρόμιον.
576 1061 687 1148 33415.
705 1061 827 1149 Ἔλωψ.
865 1066 939 1130 339.
954 1086 1069 1128 ornum
1085 1086 1147 1128 om.
1181 1065 1380 1150 34LApha·

205 1169 291 1253 reus]
306 1171 438 1258 Φηρεὺς.
464 1173 537 1236 345.
552 1171 709 1256 Βιοίνορος.
735 1171 808 1236 350.
822 1170 980 1257 Νήδυμον.
992 1168 1158 1256 Λυκῶτην.
1184 1171 1247 1236 352
1261 1167 1378 1238 Ῥιπέα.

206 1279 280 1344 353.
311 1282 363 1344 καί
388 1279 504 1365 Τηρέα.
553 1279 627 1343 356.
653 1277 819 1362 divellere]
841 1277 1063 1359 &vaccan203l
1108 1279 1181 1344 356.
1207 1279 1378 1345 solido...

205 1383 332 1468 trunco]
368 1388 405 1452 ἐκ
439 1399 497 1472 γῆς
531 1385 733 1474 mecedem)
781 1384 1003 1472 362.iugu10]
1034 1397 1073 1473 τῇ
1097 1387 1184 1472 βολη.
1232 1387 1306 1452 367.
1332 1385 1377 1470 at]

204 1495 267 1559 καί.
298 1493 450 1580 Κράντορ.
496 1495 570 1559 368.
595 1498 678 1560 κατὰ
700 1494 922 1580 Δημολέοντος.
962 1495 1036 1561 369.
1062 1494 1219 1560 contentis
1242 1492 1378 1577 viribus]

204 1605 257 1666 καί
281 1603 383 1688 ψυχης
406 1606 496 1668 παντί
518 1603 634 1668 σθένει.
679 1603 755 1667 378.
779 1602 832 1668 τόν
855 1625 889 1668 τε
913 1602 1099 1689 Φλεγραῖον.
1140 1601 1214 1666 379.
1235 1599 1377 1688 Ἰφίνοον.

204 1713 259 1773 καί
298 1709 414 1796 Δοὶμην.
479 1711 553 1775 382.
590 1706 681 1795 vara]
716 1711 867 1776 ἀντίτυπα
900 1747 936 1770 =
971 1711 1061 1774 dure.
1124 1710 1197 1774 393.
1239 1709 1377 1798 Κίλλαρε

205 1814 369 1901 [semperl.
418 1820 491 1883 395.
519 1817 627 1900 aurea]
663 1821 716 1884 καί
743 1830 854 1904 χρυσή.
902 1820 977 1882 402.
1001 1820 1079 1882 toris
1103 1840 1166 1882 om.
1213 1819 1287 1884 408.
1315 1841 1378 1883 une

204 1947 265 1988 orn.
313 1929 389 1990 412.
415 1928 535 1990 vertice
552 1947 614 1991 orn.
662 1923 775 2011 417βὸ.
800 1930 854 1991 καί
878 1927 961 1991 ὅπλα
976 1929 1184 1992 cccccccccc
1200 1927 1376 1993 ὑποδίιουσι.

203 2032 264 2097 Καί
287 2035 363 2119 πρὸς
386 2037 457 2112 τοὺς
479 2033 671 2112 Λαπιθείους
695 2035 798 2111 οἴκους
822 2034 1019 2112 εἰσελθόντες
1035 2034 1112 2119 ὁμοῦ
1135 2033 1189 2098 καί
1212 2037 1247 2099 τὸ
1271 2037 1377 2121 ἄγριον

203 2140 369 2227 συνέφερον
382 2143 527 2225 πόλεμον.
560 2144 635 2206 427.
653 2142 803 2228 ἀπεῖρξεν.
837 2137 971 2226 429130.
986 2141 1192 2228 qui—nodis]
1210 2143 1227 2206 ὁ
1243 2142 1377 2228 φοβερὰς

202 2248 329 2325 λεοντᾶς
351 2246 502 2334 ἀλλήλους
525 2250 711 2335 συῤῥοίπτων
727 2269 762 2314 τε
777 2252 830 2314 καί
853 2252 981 2316 συνδῶν.
1017 2250 1093 2314 432.
1118 2250 1251 2314 caudice
1268 2250 1375 2333 misso]

202 2355 294 2420 λίθον
317 2357 414 2440 ἀφείς.
461 2359 536 2422 433.
561 2357 748 2441 Tectaphon
773 2355 944 2440 Oleniden]
979 2360 1015 2422 σὲ
1049 2361 1103 2423 τὸν
1137 2357 1375 2444 Φονοληνείδην.

202 2471 274 2547 post
296 2464 376 2529 433:
407 2475 462 2529 τοῦ
492 2466 526 2528 δὲ
550 2476 604 2550 τής
627 2466 767 2550 κεφαλῆς
795 2465 1012 2552 σφαιρώματος
1035 2462 1300 2542 συνθλασθὲντος,
1326 2466 1376 2531 διοί

201 2589 234 2634 τε
264 2581 319 2636 τοῦ
352 2572 505 2658 στόματος
536 2576 588 2636 καί
621 2579 684 2638 τῶν
716 2573 832 2638 κοίλων
865 2573 1043 2659 μυκτήρων,
1068 2573 1242 2658 ὀφθαλμῶν
1266 2563 1299 2638 τε
1322 2576 1375 2638 καί

203 2679 303 2761 ὤτων,
327 2680 344 2743 ὁ
368 2680 535 2764 μαλθακὸς
557 2677 731 2765 ἐγκέφαλος
747 2682 801 2765 ῥεῖ,
819 2683 924 2766 ὥσπερ
939 2703 1000 2746 που
1014 2683 1067 2745 καί
1090 2677 1174 2764 γοίλα
1194 2680 1231 2744 ἐκ
1254 2680 1375 2765 δρυίνου

201 2786 378 2872 πλέγματος
402 2788 463 2872 ῥεῖν
486 2786 610 2870 είωθεν,
634 2790 664 2853 εί
683 2784 711 2853 τ’
726 2785 779 2854 οὖν
796 2791 888 2875 ὑγρὸν
912 2791 1015 2874 ἕτερον
1039 2788 1071 2866 ἐξ
1094 2790 1202 2874 ἀραιοῦ
1225 2787 1374 2853 κοσκίνου

202 2895 419 2981 καταλείβεται
443 2895 551 2981 βρίθον
576 2896 627 2960 καί
645 2899 772 2981 συνεχὲς
789 2897 840 2961 διὰ
863 2897 985 2961 λεπτῶν
1008 2905 1070 2960 τῶν
1093 2896 1299 2981 τρυπημοίτων
1323 2897 1374 2960 ἐκ·

201 3001 334 3086 φέρεται.
382 3003 457 3066 436.
482 3003 631 3079 Χθόνιος.
675 3006 749 3067 444.
774 3003 928 3088 Πυρήτου.
969 3005 1044 3067 445.
1069 2999 1208 3084 Echetli]
1233 2995 1372 3068 Ὀίκλου.

200 3109 274 3173 447.
301 3111 317 3174 ὁ
341 3107 542 3196 Πλεθρόνιος.
589 3113 664 3174 449.
692 3110 858 3197 Μέμνημαι
885 3113 938 3176 καί
965 3113 1019 3175 τὸν
1047 3112 1121 3196 ἐμὸν
1149 3109 1290 3194 σίγυννον
1312 3112 1373 3176 ὑπὸ

199 3218 252 3280 τὸν
277 3217 417 3303 βουβῶνα
450 3215 604 3304 κρυβὲντα
635 3225 692 3283 τοῦ
724 3217 880 3283 Νεσσαίου
913 3217 1077 3302 Κυμήλου.
1125 3219 1200 3282 451.
1225 3217 1372 3302 Mopsum

200 3345 263 3387 om.
300 3318 526 3409 452.Ὀδίτης.
559 3327 632 3390 455.
650 3323 807 3412 Πύραμον.
845 3326 920 3390 457.
938 3321 1097 3390 Ἀλαίσου.
1137 3327 1211 3390 469.
1230 3347 1292 3410 que
1309 3346 1371 3389 orn.

200 3433 275 3494 470.
303 3433 312 3493 i
337 3453 398 3495 orn.
447 3434 522 3496 472.
559 3455 654 3496 cursu
689 3455 751 3497 orn.
800 3433 874 3496 483.
898 3435 952 3496 καί
985 3443 1039 3518 τής
1074 3432 1184 3518 κώπης
1207 3434 1223 3497 ὁ
1247 3433 1373 3518 σίδηρος

200 3538 425 3622 διαθραυσθείς
453 3540 663 3625 ἀπεπήδησεν.
710 3540 822 3616 48718.
847 3536 1232 3626 caecamque—menum]
1257 3544 1312 3606 καί
1340 3542 1372 3607 ἐν

198 3653 243 3730 τῷ
269 3647 372 3712 σκότει
395 3657 457 3713 τῶν
494 3647 682 3733 σπλάγχνων
704 3649 824 3732 τυφλὴν
858 3651 914 3732 τήν
942 3659 1032 3734 χεῖρα
1056 3647 1181 3734 ἐκίνησε
1204 3651 1259 3713 καί
1283 3649 1371 3714 συνί-

199 3821 412 3834 Δ--

288 3949 351 4016 202)
378 3950 450 4006 Nem
476 3953 646 4022 saepissime
672 3953 702 4008 in
730 3955 840 4017 ἐξαίρειν
868 3951 970 4008 tollere
999 3952 1088 4007 vertit
1125 3951 1159 4006 el.
1184 3951 1289 4020 11506,
1309 3955 1369 4009 708.

200 4037 251 4094 VII
276 4042 336 4107 640,
358 4039 424 4096 VIII
449 4045 508 4111 256,
536 4042 589 4098 XII
613 4048 674 4112 514,
702 4043 752 4099 XV
774 4046 831 4112 192,
854 4046 916 4111 474,
943 4058 1008 4098 curn
1038 4041 1163 4098 evellere
1191 4043 1221 4097 in
1250 4045 1368 4095 ἀνασπᾶν

200 4127 238 4182 IX
259 4129 310 4185 130
328 4132 357 4185 et
377 4129 414 4184 IX
433 4132 467 4186 80
485 4132 515 4188 in
536 4135 656 4184 ἀποσπᾶν
675 4135 890 4203 interpretetur.

287 4221 351 4285 206)
371 4220 450 4276 Inter
475 4221 616 4279 divellere
645 4227 674 4279 et
702 4223 827 4279 evellere
855 4224 999 4293 interpres
1023 4239 1080 4279 non
1106 4223 1243 4278 distinxit
1272 4222 1306 4278 cl.
1327 4222 1369 4276 di·

199 4306 318 4375 vellere]
337 4307 401 4365 XIV
417 4312 465 4364 115
485 4314 610 4367 ᾱνασιτᾶν.
648 4313 690 4368 De
710 4312 799 4368 verbo
819 4312 965 4370 evellendi
985 4313 1021 4367 cf.
1041 4327 1108 4368 ann.
1128 4313 1191 4368 202.

287 4398 352 4467 204)
370 4399 561 4470 interpretem
589 4403 686 4472 durno,
705 4403 783 4474 quod
802 4419 855 4474 pro
878 4404 968 4461 humo
987 4404 1101 4472 hebuit,
1119 4403 1268 4460 invenisse
1286 4404 1369 4472 putot
