3410 5104
782 467 957 529 „44-

284 679 359 742 777.
396 681 427 742 αί
462 681 495 744 δέ
529 678 750 765 Ἀμαδρυάδες,
785 682 1043 764 καταπλαγεῖσαι,
1078 683 1131 744 καί
1165 683 1221 764 τὴν
1257 682 1367 766 ζημίαν
1401 692 1455 746 τοῦ

279 786 402 851 ἑαυτῶν
426 787 461 849 οὐ
485 786 632 871 φέρουσαι
656 786 774 873 νέμους.
822 789 896 852 787.
923 783 1105 872 compellat]
1135 787 1287 872 έκπέμφει
1310 825 1346 848 =
1369 810 1456 851 com-

283 893 382 977 pellit.
431 895 493 956 797
497 891 542 978 γ’8.
567 895 708 978 ἔφθασεν
732 896 774 971 είς
797 893 940 959 Σκυθίαν
964 897 1017 958 καί
1040 897 1095 978 τὴν
1123 904 1177 958 τοῦ
1205 873 1456 981 σκληροῠόρους

282 1003 433 1084 κορυφὴν,
451 1002 486 1092 ό
520 1000 690 1066 Καύκασον
726 1002 920 1083 ὀνομάζουσι.
978 1001 1042 1065 Καί
1076 1004 1146 1078 τοὺς
1180 1011 1241 1066 τῶν
1277 1004 1455 1087 δρακόντων

280 1107 417 1192 αὐχένας
440 1108 585 1193 ἐκούφισε
608 1118 664 1171 τοῦ
689 1109 792 1192 ζυγοῦ.
841 1109 915 1172 800.
941 1111 1057 1194 ἀραιοῖς
1079 1107 1212 1174 ὀδοῦσιν.
1261 1110 1334 1173 804.
1359 1111 1455 1173 τὰδὲ

280 1215 360 1277 όστά
393 1218 469 1299 πρός
502 1224 566 1292 τοῖς
600 1215 778 1299 συνδέσμοις
812 1215 1064 1293 ὑπεξανίσταντο·
1095 1216 1172 1301 ξηρά
1198 1219 1255 1300 τὴν
1283 1215 1455 1300 ananam)

284 1321 358 1384 808.
384 1323 496 1386 tubere
530 1344 591 1385 om.
640 1323 714 1386 818.
740 1325 849 1398 νυκτός
883 1326 943 1408 γάρ
977 1325 1083 1408 καιρός
1116 1321 1163 1407 ἦν.
1212 1325 1286 1388 820.
1321 1321 1454 1408 spargit]

286 1429 462 1514 διασπείρει.
511 1431 585 1493 822.
610 1432 662 1492 καί
686 1432 762 1514 πρός
784 1433 856 1506 τοὺς
884 1416 1018 1515 ἀπόρους
1047 1432 1152 1507 οἴκους
1174 1433 1227 1494 καί
1250 1432 1363 1516 ἀγροὺς
1385 1433 1456 1506 τοὺς

283 1535 430 1620 συνήθεις
453 1537 616 1602 ἐπάνεισιν.
664 1538 739 1601 839.
764 1537 834 1620 ipsa
861 1559 922 1600 om.
971 1537 1044 1600 843.
1073 1540 1126 1602 καί
1142 1548 1178 1621 τῇ
1196 1539 1318 1622 σφοδρᾷ
1332 1560 1455 1622 γαστρι·

281 1641 408 1728 μαργίᾳ.
456 1645 530 1708 845.
556 1644 630 1707 diva
654 1665 715 1707 om.
766 1645 840 1708 852.
866 1647 892 1708 εἰ
914 1647 967 1708 καί
990 1647 1029 1708 τά
1053 1645 1188 1728 μάλιστα
1211 1645 1324 1729 ταύτην
1347 1647 1364 1710 ό
1388 1647 1455 1708 δεσ-

281 1750 381 1833 πότης
404 1751 552 1834 ἑπόμενος
573 1751 693 1835 ἔβλεπε.
742 1735 816 1815 854.
838 1762 1015 1836 καινοτομεῖ
1033 1755 1089 1835 την
1107 1755 1226 1836 μορφὴν
1242 1755 1295 1815 καί
1318 1753 1455 1838 ἀνδρεῖον

280 1857 381 1921 ένδόει
415 1859 581 1942 πρόσωπον
618 1859 710 1942 ἰχθῦς
744 1859 904 1944 ἀγρεύοντι
937 1859 1101 1944 προσφυὲς.
1155 1860 1229 1922 858.
1265 1862 1318 1922 καί
1353 1860 1455 1943 μηδείς

281 1965 465 2028 αἰσθάνοιτο
498 1965 675 2050 ἀγκίστρου.
723 1967 797 2030 865.
827 1969 881 2029 καί
908 1966 1114 2050 ἐργαζόμενος
1154 1975 1198 2050 τῷ
1237 1966 1347 2030 ἑαυτοῦ
1375 1967 1454 2050 έργῳ
1507 2051 1510 2056 Ι

282 2083 489 2157 προσεῖχονε
499 2071 722 2156 operatam)
740 2074 813 2137 871.
826 2073 1031 2136 transformia
1042 2094 1176 2157 corpora
1186 2095 1248 2136 oin.
1274 2075 1348 2137 872.
1361 2072 1455 2158 Δρυό-

282 2198 368 2242 πειον
392 2189 492 2264 σῶμα.
540 2181 603 2243 875
629 2203 690 2264 sq.:
709 2181 729 2264 ἡ
748 2183 782 2244 δὲ
800 2181 849 2266 βία
866 2190 920 2244 τοῦ
937 2182 1060 2257 πάθους
1084 2181 1190 2264 ἐπειδὴ
1214 2191 1317 2245 πᾶσαν
1340 2203 1455 2264 κατην-

282 2285 404 2350 άλωσεν
437 2288 516 2370 ὕλην
546 2291 600 2351 καί
623 2287 802 2373 καινοτέραν
830 2291 945 2372 τροφὴν
973 2297 1016 2372 τῷ
1046 2287 1135 2372 βαρεῖ
1160 2287 1280 2372 σώματι
1304 2288 1453 2352 δέδωκεν·

283 2395 375 2469 αὐτὸς
399 2395 458 2478 γάρ
481 2395 551 2458 κτλ.
585 2396 718 2476 879180.
735 2397 829 2479 κάμοί
853 2395 1004 2471 πολλάκις
1021 2395 1146 2479 δόναμις
1162 2395 1260 2473 ἔξεστι
1276 2405 1330 2458 τοῦ
1353 2416 1455 2458 καινο-

280 2510 395 2585 τομεῖν,
431 2499 455 2565 ὦ
480 2500 605 2583 νεανίαι,
639 2505 675 2566 τό
708 2513 798 2586 σῶμα
830 2507 911 2567 κατὰ
943 2505 1050 2586 καιρόν
1079 2502 1255 2587 ὡρισμένον.
1304 2501 1387 2566 883..
1403 2504 1455 2564 καί

283 2609 323 2691 δὴ
348 2612 401 2672 καὶ
422 2610 561 2693 πρόσθεν
584 2609 701 2693 κέρατα
718 2610 826 2693 φόσας,
852 2619 904 2672 νῦν
921 2611 1057 2694 θάτερον
1073 2608 1111 2673 ἐκ
1132 2619 1188 2674 τοῦ
1205 2609 1349 2693 ’μετώπου
1367 2609 1456 2694 μέρος

281 2715 372 2780 κενόν
396 2716 480 2800 φέρω
503 2717 562 2780 κτλ
585 2754 621 2776 =
644 2739 765 2780 cornua
788 2723 855 2779 tum
881 2718 1012 2800 sumpsi,
1038 2738 1123 2780 nunc
1147 2738 1173 2779 e.
1200 2739 1229 2800 q.
1256 2739 1279 2780 a.

371 2841 430 2904 IX.
457 2843 485 2904 6.
519 2849 568 2904 est
600 2864 660 2904 orn.
710 2843 740 2905 8.
774 2843 803 2904 εἴ
833 2865 877 2918 τις
910 2841 1076 2926 Δηιάνειρα
1108 2851 1151 2926 τῷ
1185 2843 1296 2926 ἑαυτῆς
1329 2842 1455 2926 όνόματι

279 2949 357 3030 πρός
380 2949 435 3024 τὰς
458 2951 515 3024 σάς
539 2951 679 3034 ἔφθασεν
703 2949 809 3026 ἀκοάς.
861 2951 911 3012 17.
936 2951 990 3034 ἐμέ
1015 2950 1050 3013 δέ
1078 2949 1199 3034 βλέπεις
1223 2946 1300 3013 θεὸν
1323 2949 1452 3012 ὑδάτων.

283 3049 372 3138 2315.
397 3059 436 3119 σὺ
459 3051 487 3119 δ’
509 3053 682 3141 Ἡράκλεις,
703 3058 769 3121 ἐπεί
792 3057 934 3141 σεμνόνη,
958 3061 1014 3140 τὴν
1027 3053 1209 3140 Ἀλκμήνην
1230 3058 1311 3140 ἔχων
1329 3055 1452 3140 μητέρα,

282 3163 298 3226 ό
322 3161 398 3238 Ζεῦς
421 3164 442 3245 ἢ
465 3163 681 3246 πεπλασμένος
707 3185 755 3227 σοι
778 3163 883 3248 πατήρ
907 3165 998 3242 ἐστιν,
1022 3165 1085 3248 ἢεί
1102 3164 1238 3247 ἀληθὴς,
1255 3163 1287 3240 ἐξ
1305 3162 1454 3247 ἁμαρτίας

280 3289 318 3352 γε
346 3269 469 3343 πάντως
500 3271 553 3333 καί
580 3281 618 3354 τῇ
650 3281 705 3354 τῆς
738 3274 851 3356 μητρός
884 3270 1016 3356 μοιχείᾳ,
1040 3274 1135 3354 πατρί
1167 3270 1266 3354 τοότῳ
1290 3269 1452 3354 κέχρησαι.

282 3376 335 3440 33.
369 3397 464 3438 varas
499 3398 560 3439 om.
609 3377 661 3440 36.
693 3377 727 3439 in
759 3379 862 3440 vicem
898 3399 959 3440 om.
1008 3378 1060 3441 37.
1093 3373 1258 3460 micantia]
1293 3377 1453 3460 τρέμοντα.

280 3485 336 3545 41.
350 3485 370 3568 η
388 3479 443 3567 [sc.
457 3482 566 3568 πέτρα]
582 3485 616 3547 δέ
629 3484 710 3567 μένει
722 3493 766 3569 τῷ
779 3486 889 3570 έαυτης
902 3485 1098 3570 έρηρεισμένη
1116 3485 1213 3570 βάρει.
1251 3480 1341 3566 7011.
1355 3485 1375 3568 ἢ
1392 3493 1454 3558 τοῖς

285 3627 498 3634 -----

280 3713 307 3770 x
326 3716 386 3780 203,
406 3717 466 3782 τοι,
485 3713 524 3768 xi
543 3716 603 3781 558,
624 3716 684 3781 τοι,
705 3716 764 3780 608,
783 3713 837 3769 xn
857 3717 899 3781 ιο,
918 3714 988 3770 nnl
1007 3718 1050 3777 ιο,
1069 3715 1130 3777 272,
1150 3715 1210 3782 ειν,
1231 3716 1291 3780 553,
1309 3714 1374 3768 xlv
1393 3714 1453 3776 222,

282 3804 344 3871 383,
362 3802 412 3857 XV
432 3806 491 3871 276,
521 3806 582 3872 534,
602 3805 663 3870 635,
691 3803 722 3858 in
742 3805 942 3855 ἀνταποδιδόναι
965 3804 1008 3858 III
1028 3807 1088 3872 361,
1112 3803 1151 3858 XI
1170 3804 1231 3871 466,
1254 3804 1284 3858 in
1305 3805 1454 3854 ἀναδιδόναι

282 3893 359 3948 illud
380 3895 491 3948 vertere
520 3893 603 3960 solet,
623 3892 659 3946 cf.
679 3891 691 3946 Ι
709 3894 770 3960 436,
790 3895 849 3960 637,
871 3893 973 3960 11623,
993 3892 1031 3948 IV
1045 3895 1104 3961 588,
1124 3892 1163 3947 VI
1176 3895 1218 3960 81,
1240 3893 1295 3947 VII
1317 3894 1374 3960 130,
1393 3893 1452 3945 393.

373 3981 434 4048 147)
461 3982 547 4036 [llum
575 3981 613 4037 ad
632 3977 750 4036 versam
779 3982 987 4037 Boissonadins
1015 3982 1170 4037 annotavit
1193 3982 1278 4038 haec:
1308 3979 1453 4036 Planndes

281 4070 411 4139 legebat:
432 4085 515 4137 „ossa
534 4071 587 4126 sub
615 4071 747 4126 incurvis
781 4071 955 4126 exstabant:
969 4070 1052 4126 arida
1072 4069 1196 4126 lumbis“
1223 4073 1271 4127 vel
1296 4069 1452 4139 „lumbos“.

282 4159 318 4214 Et
336 4159 468 4215 incurvis
487 4175 539 4230 pro
560 4160 733 4226 curvaturiS,
750 4158 896 4228 juncturis
916 4161 1013 4216 curvis
1033 4160 1173 4215 habuisse
1194 4161 1317 4216 videtur.

375 4251 437 4316 148)
458 4249 531 4304 Nam
552 4249 666 4304 onerari
679 4249 709 4304 in
730 4250 885 4314 βαρύνεσθαι
898 4249 963 4304 VIII
977 4253 1037 4318 781,
1050 4249 1088 4304 III
1104 4250 1162 4317 109,
1175 4250 1205 4304 In
1219 4251 1315 4315 βρίθειν
1328 4248 1379 4303 VII
1392 4251 1452 4315 281,

281 4338 376 4396 Xlol
397 4339 494 4394 nertii.
1116 4345 1118 4348 ’
