3410 5104
800 388 1020 450 ..12-

320 597 399 666 398.
435 594 646 680 descendunt]
684 599 887 684 ἀναχιυροῦσι
999 598 1178 662 discedunt.
1188 597 1231 680 31)
1284 595 1396 688 40315.
1430 599 1496 664 ἐπεὶ

319 700 352 769 δ’
365 705 463 782 εὐθὺς
485 704 627 790 ηὔξανον,
644 705 734 790 φύσις
749 705 878 782 ἐκείνοις
902 705 1094 790 ἁπαλώτερα
1113 705 1302 790 συνέβαινεν,
1319 708 1382 792 οὐχ
1396 707 1438 782 ὥς
1453 727 1497 782 τις

322 820 462 897 φανερῶς
486 811 642 900 δύνασθαι
674 813 779 902 δοκεῖν
811 812 982 898 ἀνθρώπου
1018 815 1130 899 μορφὴ,
1163 809 1236 877 ἀλλ’
1265 810 1308 890 ὡς
1331 815 1369 878 ἀν
1392 835 1436 890 τις
1460 805 1497 876 ἐκ

316 919 485 1004 μαρμάρου
517 919 680 1004 ληφθεῖσα
711 957 744 978 =
776 925 877 1004 cepta.
925 920 1002 984 418.
1036 917 1248 1004 caenumque]
1281 923 1335 985 καὶ
1367 919 1497 1008 τέναγος

315 1013 419 1089 ἅπαν.
449 1026 542 1090 420.
567 1027 675 1110 ὥσπερ
703 1027 741 1090 ἐκ
769 1026 882 1111 νηδύος
909 1025 1063 1109 ηὐξάνετο
1087 1023 1250 1112 μητρικῆς.
1297 1022 1409 1110 42617.
1428 1028 1496 1120 κάν

320 1131 439 1209 τούτοις
463 1133 490 1196 ἀ
507 1134 563 1215 μὲν
585 1133 645 1217 ἠδη
662 1131 818 1218 ἀρξάμενα
841 1134 896 1196 καὶ
916 1128 987 1197 κατ’
1002 1134 1096 1197 αὐτὸν
1111 1143 1167 1198 τοῦ
1182 1133 1357 1218 γεννᾶσθαι
1372 1132 1494 1217 καιρόν.

317 1229 398 1304 428.
422 1239 533 1304 vident
548 1261 611 1304 ουτ.
652 1242 728 1306 445.
750 1237 904 1322 vetustas]
928 1250 968 1325 τη
993 1240 1192 1325 γενναιότητι.
1231 1243 1307 1306 449.
1329 1241 1496 1305 aesculeae

320 1367 385 1410 om.
432 1347 508 1410 448.
548 1342 612 1431 his]
649 1348 741 1412 ἔνθα.
795 1347 872 1411 462.
912 1342 1081 1432 indagare]
1116 1348 1264 1412 ἀνάπτειν
1295 1386 1328 1406 =
1357 1348 1494 1412 irritare.

322 1453 397 1518 749.
429 1456 471 1518 τά
502 1465 556 1538 τῆς
586 1454 667 1542 Ιῦλης
698 1454 802 1540 ἄβατα
824 1490 861 1516 =
882 1475 1052 1518 nemorum
1086 1452 1220 1536 aviuffl)
1265 1453 1342 1518 484.
1373 1456 1429 1518 καῖ
1460 1456 1495 1518 τὸ

320 1559 419 1626 καλὸν
442 1560 614 1644 πρόσωπον
638 1569 682 1646 τῷ
706 1561 890 1646 τηςάἰδοῦς
913 1559 1090 1646 ἐρυθήματι
1118 1559 1292 1645 βάπτουσα.
1339 1561 1415 1625 489.
1440 1562 1496 1624 καὶ

320 1677 359 1751 τῇ
382 1677 423 1752 σῇ
446 1666 524 1753 εύχη
547 1668 568 1752 ἡ
592 1670 631 1752 σὴ
655 1669 844 1752 προσκρούει
868 1667 956 1753 τύχη.
997 1659 1071 1732 501.
1097 1667 1169 1752 plus
1192 1688 1256 1732 em.
1289 1667 1363 1731 504.
1380 1663 1494 1752 Νύμφη

318 1772 465 1858 Πηνειάς.
525 1773 599 1837 513.
639 1769 705 1839 nen
751 1775 803 1838 hie
848 1781 995 1838 armenta
1039 1772 1230 1859 gregesque]
1276 1776 1336 1838 οὐκ
1380 1771 1496 1859 ἀγέλας

319 1879 417 1946 τάσδε
440 1881 462 1964 ἢ
487 1878 628 1966 ποίμνας.
666 1883 741 1946 516.
766 1879 870 1966 regia]
894 1881 981 1966 θέμα
997 1919 1034 1942 =
1048 1879 1199 1966 regi0.³³)
1232 1880 1306 1945 531.
1331 1861 1493 1961 movebat]

320 1988 498 2053 ἀνέπειθεν.
557 1990 622 2052 544
655 2011 725 2073 sqq.
760 1991 816 2053 καὶ
849 1998 894 2074 τῷ
929 1999 984 2073 της
1017 1999 1145 2074 ταχινῆς
1179 1997 1282 2073 φυγῆς
1317 1990 1494 2053 ἀπειποῦσα

317 2095 466 2180 καμάτῳ,
490 2087 722 2160 ἀποσκοποῦσά
756 2117 792 2160 τε
826 2097 903 2182 πρὸς
937 2097 977 2158 τά
1011 2105 1067 2160 τοῦ
1097 2094 1230 2180 Πηνειοῦ
1258 2095 1372 2180 ῥεῖθρα
1406 2095 1493 2175 »Δὸς

320 2200 440 2286 πάτερ“
470 2203 542 2286 ἔφη,
577 2201 760 2288 1βοήθειαν,
789 2204 877 2289 εἴπερ
905 2203 934 2266 οἱ
960 2204 1096 2287 ποταμοὶ
1124 2201 1273 2287 θειότητα
1301 2200 1494 2285 κέκτησοε“.

322 2306 434 2387 »Χάνε
469 2330 536 2393 μοι,
571 2307 636 2393 W
678 2307 778 2385 εἶπεν,
824 2311 864 2393 ,3η
899 2309 957 2392 τὴν
992 2311 1113 2393 μορφὴν
1146 2309 1278 2392 ταύτην,
1317 2308 1338 2390 ἥ
1368 2330 1407 2394 με
1443 2308 1495 2372 λυ·

320 2415 451 2480 πεῖσύαι
474 2427 556 2480 ποιεῖ
578 2417 633 2479 καὶ
657 2411 695 2480 δι’
717 2417 755 2499 ἧς
778 2412 875 2480 πλέον
902 2426 957 2479 τοῦ
986 2415 1109 2492 δέοντος
1135 2417 1244 2500 ἤρεσα,
1275 2414 1494 2500 μεταβαλοῦσα

321 2521 551 2607 ἀηάνισον“.34)
592 2523 667 2586 559.
691 2524 818 2607 καλιὴν
835 2525 977 2607 κορυφὴν
993 2521 1148 2607 κόρυμβος
1171 2523 1247 2607 ἔχει.
1288 2523 1363 2586 560.
1379 2521 1492 2598 Latiis]

318 2628 555 2714 ἀγαλλομένοις.
601 2629 677 2693 569.
711 2626 878 2714 Augustis]
912 2640 1032 2705 στεναῖς
1061 2665 1098 2689 =
1127 2629 1282 2713 angustie.
1331 2629 1406 2694 569.
1429 2629 1494 2692 imo

320 2757 383 2820 om.
420 2731 532 2817 572l3.
551 2734 924 2820 summisque—inpluit]
941 2737 1001 2800 κάν
1022 2746 1085 2814 τοῖς
1101 2736 1283 2821 ἀκροτάτοις
1304 2745 1360 2800 τοῦ
1375 2737 1494 2820 δρυμοῦ

319 2853 359 2926 τι)
394 2853 449 2906 τοῦ
484 2843 597 2921 ῦδατος
632 2847 714 2928 ἀχνη
751 2844 807 2928 ῥεῖ.
856 2843 930 2908 577.
964 2843 1132 2928 popularia
1162 2841 1209 2925 fl.]
1244 2842 1431 2920 έξοιδοῦντες
1466 2843 1495 2904 οἱ

318 2947 511 3034 ποταμού35)
566 2951 707 3035 prinlum
742 2972 805 3015 om.
861 2951 935 3016 580.
970 2953 1025 3014 καὶ
1059 2951 1076 3014 ὁ
1110 2950 1211 3035 γέρων
1246 2946 1404 3034 Ἠριδανὸς
1438 2952 1494 3013 καί

311 3050 464 3142 Ἀλφειὸς
492 3058 509 3122 ὁ
533 3058 664 3142 ἀκύμων
691 3061 747 3122 καί
774 3057 862 3134 Αἶας.
910 3060 984 3122 579.
1010 3053 1161 3133 Ἐνιπεύς.
1210 3057 1284 3121 584.
1309 3055 1493 3141 natamque]

314 3165 374 3227 καὶ
397 3163 455 3247 τὴν
478 3165 641 3249 φιλτάτην.
675 3161 786 3249 59011.
812 3166 859 3230 1οι
879 3168 957 3250 πρὸς
980 3166 1038 3248 τὴν
1061 3167 1154 3229 σκιάν
1169 3165 1190 3248 ἢ
1206 3165 1297 3228 τοῦδε
1312 3174 1367 3228 τοῦ
1384 3163 1494 3249 νέμους

313 3405 315 3412 -
390 3367 436 3434 31)
457 3367 499 3423 cf.
524 3368 563 3423 lv
583 3369 636 3424 338
658 3372 706 3420 καὶ
728 3375 908 3436 προσποιεῖται
933 3369 1117 3434 μεταβαλοῦσα
1136 3369 1184 3433 τἠν
1207 3371 1314 3433 πορείαν
1340 3370 1494 3434 ἀναχωρεῖν,

312 3456 358 3512 ’Ἦ
371 3459 420 3512 139
440 3460 506 3522 μετὰ
525 3461 603 3509 τοῦτο
622 3459 646 3510 δ’
664 3461 847 3525 ἀναχωροῦσα.

408 3545 454 3612 39)
475 3545 516 3601 01.
535 3546 575 3602 VI
595 3548 647 3604 596
666 3549 730 3614 πρὸς
749 3550 810 3610 τοῦς
828 3549 941 3612 ἀβάτους
959 3547 1100 3612 σταθμούς.

407 3636 455 3700 33)
475 3634 516 3689 01.
536 3633 573 3691 Vl
592 3639 644 3692 459
664 3636 835 3706 regionibus
853 3634 926 3704 illis]
945 3633 1005 3687 κατ’
1025 3638 1112 3690 ἐκεῖνο
1131 3637 1162 3686 τὸ
1181 3635 1259 3700 ῦὲμα,
1280 3633 1333 3689 Vll
1348 3633 1400 3689 223
1419 3633 1493 3702 regi·

315 3723 437 3793 onibus]
458 3728 500 3777 ἐπὶ
518 3730 564 3778 τοῦ
583 3727 708 3792 θέματος.

407 3814 454 3882 34)
472 3837 509 3860 =
1163 3813 1297 3882 citaeque

494 3905 573 3960 vieta
591 3905 692 3962 labore
710 3905 798 3974 fugae
817 3907 1012 3974 spectansque
1030 3901 1174 3960 Peneidos
1193 3898 1309 3958 undas'

498 3993 543 4050 fer
562 3994 657 4064 pater’
678 3995 777 4064 inquit
792 3992 896 4064 ‘opem,
916 3995 942 4050 si
960 3994 1084 4050 flumina
1102 4008 1211 4048 numen
1230 3990 1367 4047 habetis‘.

493 4082 566 4153 ‘qua
585 4084 709 4140 nimium
728 4084 833 4153 placui,
853 4083 951 4140 tellus'
973 4083 1014 4138 ait
1029 4080 1127 4138 ‘hisee
1145 4081 1194 4136 vel
1212 4081 1309 4149 istam,

496 4174 582 4242 ‘quae
600 4171 680 4242 facit,
698 4173 731 4228 ut
748 4171 857 4242 laedar,
876 4170 1017 4228 mutando
1036 4169 1125 4242 perde
1142 4167 1288 4240 figuram'.

407 4262 452 4329 35)
473 4261 514 4317 ef.
534 4276 601 4316 ann.
623 4264 663 4316 13.
