3410 5104
723 507 898 568 „41-

223 719 364 803 άκοντίιμ
389 718 541 803 ἐπίσημος
556 714 716 794 Ἄκαστος
740 718 826 782 καίό
850 720 947 802 ταχύς
962 714 1049 793 Ἴδας
1073 719 1127 780 καί
1150 716 1298 801 όμηκέτι
1321 721 1397 802 γυνη

227 827 369 907 Καινεὺς,
393 817 565 900 Ἱππόθους
587 844 620 888 τε
643 826 698 888 καί
719 822 819 910 Δρύας
834 827 888 888 καί
904 825 920 888 ό
936 820 1158 908 γεγεννημένος
1174 833 1218 908 τῷ
1233 819 1399 909 Ἀμύντορι

223 933 331 1010 Φοίνιξ
354 935 409 996 καί
433 933 461 995 οἱ
484 942 633 1016 συμφυεῖς
656 927 837 1015 Ἀκτορίδαι
865 934 919 995 καί
943 931 959 995 ὁ
983 933 1020 1000 ἐκ
1048 941 1105 1016 τῆς
1128 927 1253 1008 Ἤλιδος
1278 933 1398 997 στειλά-

225 1060 314 1125 μενος
336 1039 454 1124 Πήλας.
501 1039 576 1102 311.
601 1035 752 1122 impiger]
776 1047 902 1122 κοῦφος.
943 1038 1018 1102 312.
1044 1037 1221 1122 όΝηρίκιός
1237 1060 1271 1103 τε
1287 1037 1396 1208 Λέλεξ,

224 1147 387 1222 Πανοπεύς
411 1148 465 1209 καί
487 1138 604 1222 Υλ.εύς
646 1144 721 1210 315.
746 1148 812 1229 ἅμα
836 1154 881 1230 τῷ
905 1144 1072 1230 Παρρασίῳ
1096 1141 1327 1229 Ἀγκαίῳ.31
1334 1148 1363 1208 7.
1381 1167 1400 1212 ο,

226 1251 402 1337 Οίκλείδης.
434 1249 538 1316 Ἦλθε
555 1253 590 1315 δέ
606 1255 670 1328 καί,
688 1253 705 1316 ό
721 1251 840 1336 κόσμος
856 1261 910 1315 τοῶ
926 1250 1065 1316 Λυκαίου
1089 1251 1189 1336 ὄρους,
1212 1252 1233 1335 η
1251 1252 1399 1336 Τεγεάτις

223 1361 378 1445 Σχοινέως
402 1357 591 1443 Ἀταλάντη,
615 1359 772 1444 παρθένος
796 1360 1040 1444 έκπρεπεστάτη.
1088 1356 1200 1443 32213.
1225 1357 1399 1445 τοιαύτηδ’

223 1466 260 1552 ἦν
277 1469 297 1553 ἡ
312 1467 520 1551 ἐπιμέλεια
486 1475 530 1530 τῶ
546 1463 714 1551 προσώπῳ,
731 1467 771 1550 ἣν
792 1468 829 1531 ἂν
845 1467 976 1550 ἀληθῶς
992 1467 1086 1531 εἰπεῖν
1103 1469 1185 1552 ἔχοις
1200 1467 1398 1552 παρθενικὴν

222 1576 256 1640 έν
286 1576 382 1652 παιδί,
406 1574 554 1656 παιδικὴν
585 1573 617 1638 έν
650 1573 811 1658 παρθένῳ.
860 1573 934 1638 336.
960 1574 1118 1656 ulvaeque
1150 1573 1302 1638 laeunula
1334 1597 1396 1639 om.

225 1679 337 1745 33647.
363 1683 523 1766 εὐκαμπὴς
555 1681 621 1744 ἰτέα
650 1681 782 1764 κούφης,
808 1681 942 1764 λιμναῐοι
976 1690 1075 1765 σχῖνοι
1108 1684 1162 1744 καί
1195 1686 1309 1767 μακροί
1342 1687 1397 1746 σὺν

222 1789 357 1874 καλάμῳ
383 1789 495 1874 βραχεῖ
517 1788 655 1863 δόνακες.
697 1788 771 1850 338.
796 1786 885 1870 hine]
910 1789 983 1851 ἐκεῖ.
1025 1788 1100 1852 339.
1125 1791 1234 1875 οίαπερ
1257 1793 1398 1872 σκηπτὸς

224 1894 422 1981 ληφθείςῑέθ)
447 1895 640 1980 έκραγέντων
664 1904 774 1979 νεφῶν.
823 1896 897 1958 341.
924 1897 1161 1979 ἀνακεκράγασι
1185 1892 1213 1959 δ’
1229 1899 1257 1961 σί
1280 1897 1397 1961 νεανίαι

224 2003 466 2088 διηγκυλημένοι
498 2025 532 2067 τε
566 2006 605 2066 τά
629 2003 704 2087 βέλη
736 2003 871 2087 στερρῶς
905 2013 1005 2067 ταῦτα
1034 2013 1073 2086 τῇ
1108 2004 1192 2088 δεξιᾷ
1226 2005 1397 2090 κατέχουσι

222 2112 291 2175 κτλ.
325 2111 399 2174 346.
426 2107 556 2191 acerno]
582 2109 681 2194 όξύης.
723 2110 796 2173 349.
814 2109 1009 2193 Παγασαῖος.
1057 2111 1131 2175 350.
1154 2113 1171 2176 ό
1192 2107 1396 2196 Ἀμπυκίδης.

225 2219 298 2281 354.
328 2221 381 2282 καί
409 2218 444 2279 τό
473 2218 563 2296 ξύλον
591 2218 629 2280 ἐκ
655 2227 713 2301 της
741 2217 888 2300 ὀξύτητος
915 2215 1070 2301 3333141)
1123 2219 1198 2283 356.
1227 2220 1397 2302 ἀστράπτει

220 2322 251 2390 δ’
273 2325 306 2404 έξ
323 2323 498 2410 ὀφθαλμῶν
514 2327 567 2389 καί
584 2325 703 2408 φλόγας
718 2325 825 2389 έκπνεῐ
839 2333 901 2388 τῶν
917 2324 1061 2408 στέρνων.
1094 2327 1169 2389 360.
1186 2325 1395 2410 Hippalmon]

223 2433 427 2518 Εύπάλαμον.
476 2433 550 2496 362.
578 2428 739 2508 Ἐναίσιος.
782 2428 1033 2516 311.Ὼρυτίου.
1083 2433 1193 2513 37415.
1219 2437 1314 2519 άμφω
1337 2436 1395 2517 τὴν

223 2550 283 2605 τῶν
307 2540 451 2624 όρῶντων
475 2541 545 2623 όψιν
568 2539 847 2624 έπιταραττομένην
878 2538 1069 2603 άνέσκοπτον
1105 2550 1144 2624 τη
1182 2552 1316 2626 τρομερῶ
1347 2543 1397 2606 διὰ

222 2657 277 2710 τοῦ
301 2648 393 2731 ἀέρος
416 2657 478 2711 τῶν
502 2645 641 2732 δοράτων
665 2646 796 2730 κινήσει.
837 2645 911 2708 380.
936 2646 1139 2730 ηΤεγεᾶτις.
1184 2648 1258 2712 398.
1276 2649 1396 2731 primos

223 2775 397 2838 suspensus
421 2756 453 2816 in
479 2775 515 2816 ει
517 2752 580 2836 tus]
616 2756 729 2816 καὶτὸ
754 2763 846 2835 σῶμα
868 2765 931 2818 πᾶν
955 2753 1138 2838 ἀπηύρησε.
1185 2751 1396 2837 40112Λφ1-ι)

221 2861 561 2945 meretaque—fluunt
585 2881 646 2922 om.
687 2861 762 2924 408
786 2863 854 2924 είπε
878 2864 931 2925 καί
954 2864 989 2924 τὸ
1013 2861 1174 2946 κεράτινον
1197 2863 1270 2945 δόρυ
1288 2861 1395 2947 βαρείᾳ

223 2969 472 3053 σεσιδηρωμένον
495 2969 593 3052 αἰχμῇ
613 2989 793 3051 περιηγαγε.
842 2969 917 3031 409.
935 2968 989 3032 καί
1012 2969 1040 3031 σί
1060 2977 1151 3032 τοῦτο
1175 2968 1280 3044 καλῶς
1296 2967 1395 3033 ἐκσεί-

224 3096 312 3140 σαντι
344 3079 399 3139 καὶ
432 3087 487 3159 της
510 3078 604 3160 τύχης
627 3076 688 3159 ἤδη
721 3075 886 3160 κρατήσειν
911 3075 1063 3161 μέλλοντι.
1112 3078 1186 3139 412.
1211 3078 1245 3140 ὃν
1268 3078 1288 3161 ἡ
1312 3077 1393 3162 τύχη

221 3183 342 3246 ἐκείνου
352 3183 540 3266 ἀπέτραπεν,
559 3184 601 3260 εἰς
614 3182 647 3246 δὲ
660 3184 807 3266 φάρυγγα
819 3183 911 3259 κυνός
922 3183 1044 3267 έπηξεν.
1069 3181 1181 3266 41617.
1194 3192 1249 3247 τού
1262 3185 1295 3248 δέ
1308 3205 1394 3267 μαιο-

220 3290 315 3374 μένου
325 3293 378 3354 καί
391 3292 433 3366 εἰς
445 3290 562 3356 κύκλον
574 3293 608 3354 τό
621 3299 714 3374 σῶμα
724 3289 909 3376 στρέφοντος
920 3293 974 3354 καί
986 3288 1150 3375 βρύχοντος
1165 3293 1218 3353 καί
1231 3293 1329 3374 ἀφρόν
1339 3295 1394 3355 σὺν

219 3407 323 3482 νεαρῶ
340 3398 466 3482 χέοντος
479 3400 593 3482 αἵματι
613 3397 726 3461 αὐτίκα
743 3397 810 3461 κτλ.
847 3397 922 3462 426.
941 3397 1136 3482 Νωνακρεία.
1172 3397 1247 3462 428.
1263 3399 1394 3460 exuvies

222 3527 284 3568 em.
319 3505 394 3568 435.
413 3500 485 3589 μηδ’
501 3506 588 3568 ότού
606 3525 704 3588 γερως
716 3527 765 3568 σοι
782 3505 943 3589 δοτηρέπί
961 3527 1078 3589 μακρον
1091 3505 1275 3568 άλισκεσθω
1287 3527 1331 3589 τω
1348 3514 1394 3589 σῷ

220 3614 320 3697 έρωτι.
352 3613 426 3675 494.
441 3608 571 3696 1peo]
538 3633 677 3688 αυτος
686 3613 764 3695 ipse,
790 3613 864 3676 498.
879 3633 937 3674 rev
916 3609 1048 3696 mque]
1061 3614 1115 3676 καί
1128 3611 1284 3696 βασιλείαν
1297 3613 1393 3696 αυτ-ην

222 3751 253 3768 --
276 3740 486 3803 regnumque.
527 3717 640 3782 510.έ
640 3720 688 3800 γὼ
711 3719 746 3782 δέ
767 3730 833 3796 ταῖς
853 3729 965 3803 τιμαῖς,
990 3723 1091 3803 ἅσπερ
1115 3721 1185 3804 ὑμῖν
1208 3717 1323 3803 δίδωμι,
1341 3723 1394 3784 καί

219 3829 291 3912 ὑμῖν
316 3829 437 3912 ἕψομαι.
486 3827 560 3891 513.
586 3829 654 3912 ipse
678 3849 740 3890 om.
783 3829 856 3891 514.
883 3824 930 3908 ut]
955 3827 1018 3890 καί.
1067 3829 1217 3890 5250111.
1266 3827 1339 3890 528.
1362 3827 1394 3889 αἱ

219 3936 257 3998 δέ
291 3935 488 4000 Καλυδῶνιαι
522 3935 659 4020 μητέρες,
699 3935 759 4018 τὴν
795 3934 894 4018 κόμην
935 3934 1135 4019 σπαράξασαι
1171 3933 1393 4018 ὀλοφύρονται·

312 4111 377 4173 140)
396 4110 451 4166 Pro
470 4111 582 4177 ληφθείς
600 4110 699 4167 forsan
712 4110 815 4174 ριφύεις
834 4109 992 4178 legendum
1006 4109 1214 4165 Boissonadius
1233 4109 1393 4179 proposuit.

313 4200 376 4264 141)
395 4199 450 4255 Pro
473 4203 506 4251 ἐκ
524 4206 570 4267 τῆς
589 4199 798 4255 Beissonadius
822 4201 899 4261 ἐκτὸς
923 4200 1048 4268 scripsit,
1072 4199 1236 4255 sedetiam
1260 4199 1316 4253 Vll
1341 4201 1392 4254 629

221 4289 310 4342 ramis
339 4288 402 4343 sine
428 4289 547 4344 flamine
572 4289 657 4344 motis
686 4289 717 4342 in
744 4295 799 4351 τοῖς
824 4289 934 4351 κλάδοις
957 4291 990 4340 έκ
1014 4293 1061 4340 τού
1083 4289 1226 4354 πνεύματος
1249 4288 1392 4354 κινηθεῖσιν

220 4377 367 4432 Planudes
387 4379 483 4434 vertit.
