3410 5104
737 515 781 524 ..
807 456 915 542 97..

328 695 419 766 Quae
443 716 516 758 cnm
540 695 585 758 ita
609 693 682 775 sint,
707 693 884 759 certissime
900 694 979 758 mihi
1003 694 1218 778 colligendum
1243 718 1312 760 esse
1335 699 1412 781 puto

239 803 382 868 codicem
418 802 632 884 Planudeum,
668 824 864 888 quamquam
899 802 1063 866 nonnullis
1097 803 1185 884 loeis,
1222 809 1256 866 ut
1290 802 1306 866 I
1339 803 1412 866 103.

241 907 310 974 VII.
337 910 410 974 213.
441 909 522 973 VIII
547 911 620 973 758.
653 909 701 972 IX
725 909 800 974 453.
830 909 879 973 XI
904 909 968 974 383
1007 910 1218 994 interpolatus
1246 915 1305 989 est,
1341 930 1412 992 per-

239 1017 374 1081 multum
399 1017 441 1082 ad
465 1017 561 1082 crisin
577 1017 611 1082 in
626 1016 937 1102 Metamorphosesin
961 1017 1171 1090 factitandam
1196 1017 1314 1097 valere,
1339 1037 1413 1080 cum

239 1146 293 1189 eas
316 1126 404 1210 leges
427 1124 495 1189 lere
520 1130 636 1206 servet,
661 1146 741 1209 quas
757 1125 798 1188 H.
817 1124 954 1210 Magnus
979 1125 998 1188 l.
1018 1146 1044 1189 c.
1062 1147 1093 1210 p.
1111 1124 1173 1188 207
1192 1125 1232 1188 de
1257 1122 1412 1188 codiceX

239 1231 345 1324 adhuc
380 1231 561 1296 desiderato
598 1231 749 1296 condidit.
797 1230 910 1316 Neque
933 1253 1020 1313 vero,
1047 1231 1102 1317 qui
1127 1231 1293 1316 ingenium
1317 1238 1413 1316 atque

238 1338 333 1403 fidem
359 1360 451 1404 suam
476 1338 591 1403 Ovidio
617 1339 814 1403 recensendo
839 1345 1021 1424 promptam
1054 1339 1296 1424 expositamque
1321 1361 1412 1424 prae-

238 1443 387 1526 buerunt,
434 1448 466 1510 in
506 1446 670 1512 codicibus
709 1447 900 1531 indagandis
940 1452 1036 1531 atque
1086 1446 1289 1511 conferendis
1327 1468 1413 1511 nunc

238 1553 377 1644 relaxari
416 1554 542 1634 debent,
584 1554 638 1619 ubi
677 1555 861 1639 scripturas,
909 1577 989 1639 quas
1028 1555 1269 1618 emendationes
1309 1554 1413 1618 adhuc

237 1661 433 1745 putavimus,
469 1661 568 1725 veluti
602 1661 619 1725 I
649 1663 711 1726 199
740 1662 819 1725 illud
856 1661 1118 1743 „confremuere“
1157 1660 1276 1726 codicis
1310 1659 1412 1725 Grae-

239 1769 342 1833 censis
369 1769 463 1842 1415,
501 1768 598 1833 ctiam
631 1769 693 1833 alio
727 1769 808 1833 libro
843 1790 944 1854 eoque
977 1770 1098 1854 optimo
1134 1769 1218 1832 tradi
1254 1769 1412 1832 novimus.

239 1875 360 1940 Omnes
384 1875 482 1961 igitur
506 1877 652 1962 quamvis
684 1883 828 1941 recentes
858 1878 984 1940 codices
1013 1882 1162 1941 accurate
1190 1875 1414 1940 describantur
1524 1937 1526 1941 ,

235 1977 373 2069 oportet.
421 1985 464 2049 Ut
488 1985 532 2048 ita
555 1985 622 2066 fiat,
646 2007 703 2070 pro
739 2007 813 2049 mea
847 1993 938 2071 parte
973 1983 1134 2049 adiuvabo
1158 2005 1273 2068 neque,
1303 2005 1343 2048 ne
1367 1990 1413 2048 tot

238 2091 399 2176 tantisque
422 2092 586 2157 laboribus
610 2093 734 2157 fructus
758 2114 822 2156 non
848 2093 1024 2177 capiantur,
1050 2093 1157 2156 timeo.

327 2210 418 2274 Haec
451 2210 490 2274 de
524 2211 633 2275 codice
664 2233 684 2274 a
715 2209 862 2274 Planude
901 2210 1042 2274 adhibito
1083 2210 1160 2273 satis
1197 2215 1300 2273 sunto.
1349 2208 1412 2272 sed

238 2317 396 2401 interpres
430 2318 499 2401 ipse
535 2340 599 2402 qua
630 2325 735 2382 aetate
771 2318 1045 2402 Metamorphoses
1085 2316 1227 2397 verterit,
1262 2316 1327 2380 alia
1365 2323 1414 2380 est

239 2423 399 2506 quaesti03
434 2446 510 2488 nam
544 2425 605 2488 hoc
641 2447 769 2509 quoque
804 2434 852 2490 est
884 2426 1072 2506 eruendum,
1102 2425 1177 2510 quia
1212 2425 1294 2510 sine·
1315 2423 1412 2487 dubio
1480 2471 1482 2476 .

238 2550 301 2593 non
326 2530 445 2594 nullius
468 2531 624 2594 momenti
652 2540 710 2611 est,
735 2537 841 2594 utrum
869 2531 1031 2595 Planudes
1056 2532 1134 2595 illud
1162 2529 1326 2616 exemplar
1348 2529 1412 2592 La-

239 2635 352 2715 tinum,
377 2659 450 2700 cum
482 2659 509 2701 a.
538 2639 621 2702 1295
646 2638 772 2722 legatus
799 2638 941 2722 profecto
970 2645 1005 2701 ut
1028 2639 1158 2722 linguae
1185 2639 1303 2702 latinae
1328 2635 1412 2721 peri-

239 2742 381 2808 tissimus
415 2744 583 2831 theologus
618 2745 659 2809 ab
691 2745 886 2830 imperatore
917 2745 1103 2808 Andronico
1136 2745 1178 2808 II.
1203 2745 1243 2808 ad
1272 2744 1413 2810 Venetos

239 2848 355 2915 missus
379 2852 430 2932 sit,
459 2873 567 2917 secum
596 2852 773 2939 portaverit
796 2875 837 2917 an
865 2853 930 2917 iam
953 2851 1098 2937 Byzantii
1122 2851 1290 2917 invenerit.
1337 2852 1412 2917 Pla-

238 2958 341 3023 nudes
372 2959 440 3045 ipse
467 2960 506 3025 de
537 2961 598 3026 hac
629 2981 664 3025 re
687 2983 746 3026 nos
770 2961 864 3025 docet
894 2960 1050 3046 epistulis,
1082 2981 1161 3045 quas
1197 2959 1297 3024 edidit
1328 2959 1410 3024 Max.

239 3064 334 3130 Trou.
389 3065 473 3131 Nam
501 3069 535 3132 in
564 3090 612 3153 ep.
645 3067 736 3133 V68
765 3090 795 3153 p.
822 3069 860 3131 12
894 3067 1032 3153 legimus
1065 3067 1157 3132 haec:
1192 3067 1255 3152 ἐγὼ
1289 3067 1324 3131 δὲ
1357 3068 1413 3131 καὶ

239 3175 311 3257 περὶ
336 3173 453 3258 βιβλίου
478 3179 559 3252 τινὸς
585 3174 720 3253 ἀξιῶσαι
744 3175 907 3262 βούλομαι.
944 3173 1077 3259 Βαήτιος
1093 3177 1192 3260 ὄνομα
1214 3183 1258 3259 τῷ
1283 3173 1412 3259 βιβλίῳ·

239 3289 330 3344 τοῦτο
365 3279 428 3365 ἐγὼ
465 3282 644 3367 μετήνεγκα
681 3284 736 3368 μὲν
771 3284 807 3348 ἐκ
841 3291 899 3366 τῆς
927 3280 1071 3347 Λατίνων
1100 3281 1243 3366 γλώττης
1272 3281 1323 3345 ἐπὶ
1353 3281 1412 3365 τὴν

244 3383 400 3454 Ἑλλάδα.
426 3389 553 3475 ἔχρησα
582 3391 616 3454 δὲ
640 3394 703 3475 πρὸ
727 3392 806 3455 ἔτων
830 3390 894 3474 ἤδη
920 3411 981 3452 που
1005 3389 1164 3473 τεττάρων
1188 3398 1231 3474 τῷ
1253 3391 1335 3453 κατὰ
1357 3391 1413 3474 τὴν

239 3487 378 3579 Ἔφεσον
404 3497 501 3583 ἰατρῷ
519 3495 722 3582 ἐπιδημήσας
740 3497 855 3574 ἐκεῖσε,
881 3518 963 3582 quae
979 3497 1079 3561 verba
1102 3518 1167 3561 non
1183 3502 1255 3581 post
1279 3518 1306 3560 a.
1329 3496 1412 3560 1300

238 3603 358 3688 scripta
385 3625 455 3668 esse
484 3604 570 3669 Trea
598 3606 618 3670 l.
648 3628 675 3669 c.
705 3627 735 3690 p.
758 3604 822 3669 208
852 3604 1093 3669 demonstravit.
1142 3604 1207 3668 Sed
1236 3625 1309 3668 cum
1338 3603 1411 3667 Pla-

238 3709 341 3774 nudes
364 3731 392 3774 a.
415 3714 496 3776 1207
522 3712 659 3778 Venetia
682 3713 823 3794 redierit,
847 3711 976 3778 Boethii
999 3712 1097 3776 libros
1121 3718 1195 3776 ante
1219 3711 1413 3796 legationem

240 3847 450 3862 ᾗ

238 3929 289 3985 XII
309 3933 367 3987 111.
405 3932 507 4002 Neque
527 3933 605 3988 enirn
624 3934 659 4001 ei,
680 3935 730 4003 qui
749 3935 797 3996 τὰς
813 3935 981 3997 'usercense
1000 3935 1086 4001 Θήβας
1105 3934 1202 3989 forsan
1223 3948 1258 3988 ex
1278 3933 1309 3988 ll.
1329 3933 1412 3989 1366

239 4024 401 4076 correctum
420 4038 484 4079 esse
504 4022 561 4079 sibi
580 4023 733 4094 persuasit
759 4025 911 4093 assentior,
936 4024 1005 4093 quia
1029 4023 1113 4080 codd.
1139 4023 1300 4092 scripturae
1323 4022 1412 4077 inter·

238 4112 350 4180 protem
369 4111 407 4166 ad
427 4111 588 4168 Echioncas
612 4111 770 4174 adducunt,
793 4113 965 4182 praesertIm
990 4128 1056 4168 cum
1084 4115 1113 4167 et
1138 4111 1297 4167 Echionem
1320 4111 1412 4167 fuisse

239 4198 410 4256 Thebanum
433 4217 468 4256 ex
492 4203 533 4258 lll
556 4204 614 4267 126,
638 4201 733 4257 11686
759 4202 805 4272 [cf.
827 4202 915 4257 etlam
934 4202 998 4257 XIII
1018 4205 1069 4257 692
1093 4205 1140 4264 τὰς
1159 4201 1280 4268 Ἐχίονος
1303 4199 1410 4268 παῖδας]

238 4288 316 4343 nont
335 4290 364 4343 et
387 4304 474 4360 saepe
499 4292 584 4346 metri
613 4292 693 4360 leges
721 4291 891 4361 neglexerit,
916 4291 951 4346 ct'.
973 4291 982 4346 l
1003 4293 1056 4347 320
1075 4290 1230 4360 Corycidas
1255 4288 1411 4360 nymphas]

236 4375 422 4446 Ἁμαδρυάδας
441 4380 556 4446 illesas.
594 4381 606 4437 l
626 4385 678 4436 698
699 4381 807 4452 Lyrcea
826 4421 832 4435 .
848 4423 874 4437 ..
894 4381 977 4450 arva]
997 4383 1031 4433 τὰ
1049 4381 1154 4434 Anasta
1173 4383 1257 4438 asota.
