3410 5104
822 431 1000 500 ..58-

328 649 403 712 699.
428 645 508 732 ipso]
533 647 661 724 ἐκεῖνος.
709 649 784 712 695.
809 651 863 714 καὶ
883 649 933 714 ίνα
959 647 1002 735 μή
1028 671 1066 733 με
1086 649 1193 734 φύγοις
1216 649 1271 713 καί
1293 657 1356 725 τοῖς
1380 645 1501 734 ἀνέμοις

329 755 575 840 ἀκολουθήσαις,
604 765 766 840 προσῆγον
796 756 913 840 δέησιν.
966 757 1040 820 697.
1071 761 1136 842 άμα
1165 766 1271 842 σαυτῷ
1299 757 1501 841 κεκομικέναι

327 863 419 947 κάμέ.
474 856 611 947 Ἐγένετ’
635 867 672 929 ἀν
702 886 751 947 μοι
774 865 806 941 ἐς
834 865 945 948 ὄφελος
975 863 1051 928 ἰέναι
1079 867 1134 929 σὺν
1164 864 1213 928 σοί
1235 901 1271 925 =
1295 885 1345 927 me
1375 886 1500 949 quoque

327 970 471 1036 duxisses
495 977 610 1035 tecum.
662 971 723 1036 fuit
754 972 833 1036 utile
860 979 966 1036 tecum
999 973 1046 1035 ire
1074 972 1162 1036 mihi.
1220 972 1293 1036 701.
1323 969 1377 1036 καί
1403 995 1438 1036 σε
1465 974 1500 1037 τὸ

326 1077 463 1162 πέλαγος
487 1081 562 1164 ἐμοῦ
584 1081 656 1164 δίχα
673 1080 810 1165 κατέχει.
852 1081 926 1144 704.
944 1083 1016 1144 οὔτε
1039 1102 1074 1144 σε
1094 1080 1276 1164 καταλείψω
1300 1081 1498 1165 ήδύστήνος.

327 1186 401 1249 707.
426 1187 506 1250 meis
529 1208 591 1250 0111.
649 1189 723 1251 712.
755 1185 817 1271 hie]
850 1189 1006 1253 ἐντεῦθεν.
1062 1193 1134 1272 poet
1168 1187 1248 1252 713:
1282 1190 1315 1252 ἐν
1347 1190 1413 1273 δσιμ
1444 1191 1500 1263 τὰς

326 1293 499 1378 ἐπισήμους
527 1294 795 1380 ἀναμιμνήσκεται
823 1298 860 1380 δή
889 1305 950 1359 τῶν
978 1294 1119 1380 πράξεων
1152 1297 1206 1358 καὶ
1233 1305 1296 1372 τοῖς
1325 1295 1501 1380 ὀφθαλμοῖς

326 1400 404 1484 πρδς
431 1404 487 1486 τήν
510 1402 677 1466 θάλατταν
702 1405 813 1488 ἀφορᾷ.
862 1405 936 1466 719.
962 1403 1016 1486 qui
1040 1398 1135 1483 foret]
1160 1403 1204 1480 τίς
1226 1423 1302 1468 ποτε
1326 1401 1354 1466 δ’
1379 1405 1417 1466 ἀν
1442 1403 1498 1485 εἴη.

328 1509 401 1571 729.
426 1507 501 1589 iras]
526 1510 662 1594 κύματα.
711 1507 843 1591 739140.
861 1510 990 1594 πότερον
1013 1505 1040 1574 δ’
1056 1511 1177 1594 ήσθετο
1194 1487 1345 1576 meiere
1368 1508 1500 1593 Κήυξή

326 1617 362 1678 τὸ
385 1615 552 1700 πρόσωπον
581 1616 668 1696 ἔδοξε
691 1627 729 1702 τή
756 1627 818 1682 τῶν
842 1619 991 1702 κυμάτων
1020 1617 1093 1702 ἀραι
1120 1617 1250 1701 κινήσει,
1281 1618 1377 1702 ὁμὲν
1405 1617 1501 1692 πολὺς

327 1721 422 1806 ὄχλος
445 1725 477 1787 ἐν
504 1725 667 1811 ἀμφιβόλῳ
691 1735 809 1790 κεῖται·
856 1724 974 1802 ἐκεῖνός
1001 1747 1037 1809 γε
1063 1726 1124 1810 μήν
1149 1726 1280 1808 ήσθετο.
1332 1726 1407 1787 747.
1431 1723 1501 1787 τότε

328 1830 368 1912 δή
397 1832 542 1916 ἀσφαλής
569 1834 585 1897 ά
618 1844 672 1917 τής
700 1833 866 1916 θαλάττης
898 1833 977 1909 ὁδός.
1036 1834 1110 1896 749.
1143 1833 1278 1895 iunctim
1306 1831 1389 1895 frete
1422 1826 1498 1911 lete]

326 1939 399 2021 περί
421 1941 474 2003 τὸν
497 1939 616 2005 πλατὺν
641 1940 792 2025 αἰγιαλόν.
842 1939 916 2004 752.
945 1961 1008 2024 que
1032 1961 1094 2003 om.
1143 1939 1217 2003 753.
1244 1941 1298 2002 τὸν
1323 1939 1500 2023 εὐρύχωρον

328 2045 448 2122 δεικνὺς
472 2049 543 2130 περί
565 2050 619 2111 τὸν
641 2048 785 2133 φάρυγγα
810 2049 949 2113 πάππον.
991 2047 1064 2110 757.
1089 2048 1144 2110 καὶ
1160 2045 1333 2130 Λαομέδων
1357 2045 1499 2131 ὁγέρων.

328 2152 402 2215 763.
420 2148 607 2239 Ἀλυξοθάη.
637 2154 776 2219 Granico
789 2161 865 2219 nata
880 2149 1018 2238 bicorni]
1035 2153 1223 2238 πειραθεῐσα
1239 2163 1293 2237 τής
1308 2152 1498 2228 Εἰλειθυίας.

328 2261 402 2323 766.
429 2257 550 2342 coetus]
568 2263 707 2326 πάθεσιν
733 2262 800 2326 cod.
826 2261 986 2346 πλήθεσιν
1004 2261 1105 2324 Beise.
1147 2261 1220 2324 769.
1244 2263 1299 2344 τήν
1320 2259 1499 2346 Κεβρηνίδα

327 2363 486 2453 Ἠπερίαν.
535 2373 608 2434 779.
635 2369 686 2452 ve]
710 2371 774 2434 καί.
827 2373 901 2434 774.
927 2366 1056 2455 urguet]
1087 2367 1234 2454 διεγείρει.
1288 2369 1362 2432 784.
1391 2368 1500 2432 ἔπεσεν

328 2477 371 2553 εἰς
393 2477 452 2560 τήν
476 2478 659 2544 θάλασσαν.
686 2477 784 2556 Θέτις.
833 2479 907 2544 788.
933 2478 1056 2564 βλέπων
1081 2477 1152 2541 add.
1201 2477 1275 2540 794.
1305 2482 1414 2540 manet
1437 2497 1498 2539 om.

328 2585 403 2648 795.
433 2585 527 2650 Φιλεῖ
553 2586 587 2650 δέ
614 2606 651 2671 γε
678 2590 733 2671 τήν
763 2588 928 2652 θάλατταν
960 2586 1016 2650 καί
1044 2587 1072 2649 οί
1100 2588 1234 2669 τοῦνομα
1263 2583 1356 2668 μένει,
1386 2585 1432 2646 ὅτι
1459 2581 1498 2664 δή

327 2692 458 2778 τραχείᾳ
480 2705 595 2779 χρῆται
617 2705 655 2780 τῇ
679 2705 776 2780 φωνή,
802 2695 938 2770 πάππος.
986 2691 1034 2756 Of.
1054 2694 1127 2758 753.

417 2816 492 2882 XII.
533 2821 563 2883 4.
586 2818 680 2902 tristi]
707 2831 761 2885 τοῦ
790 2821 928 2885 δειλαίου
944 2819 1086 2904 Πάριδος.
1134 2819 1183 2880 17.
1205 2820 1324 2902 καὶτῷΙ
1346 2814 1498 2899 ἀπλήστῳ

330 2924 460 3010 στόματι
492 2928 639 3012 ἔκρυψεν.
650 2925 703 3008 193)
752 2925 841 3010 2273.
873 2930 889 2991 δ
919 2949 955 3012 γε
987 2929 1046 3012 μήν
1070 2924 1210 3009 δράκων,
1243 2924 1284 3000 ὡς
1314 2923 1499 3009 περιείλικτο

327 3036 399 3116 περί
428 3037 499 3111 τοὺς
527 3035 705 3114 θάλλοντας
737 3035 861 3114 κλῶνας
888 3046 942 3100 τοῦ
972 3034 1110 3119 δένδρου,
1139 3033 1230 3110 λίθος
1257 3032 1385 3116 γίνεται.
1436 3028 1499 3092 Καὶ

329 3139 431 3224 μέντοι
454 3145 510 3205 καὶ
534 3143 550 3207 δ
574 3144 663 3221 λίθος
685 3147 721 3208 τὸ
743 3155 798 3209 τοῦ
823 3144 994 3228 δράκοντος
1021 3140 1100 3218 εἶδος
1123 3152 1218 3226 τηρεῖ.
1289 3141 1341 3203 30.
1366 3132 1497 3221 rexque]

328 3250 385 3310 καί
407 3250 428 3333 ή
452 3251 529 3334 ὑπὲρ
555 3254 657 3316 αὐτῶν
680 3253 773 3316 αἰτία.
822 3255 873 3316 61.
897 3246 1027 3336 repens]
1052 3251 1240 3337 πρόσφατος.
1293 3249 1345 3310 64.
1369 3244 1498 3326 ἐποίησε

327 3355 429 3421 τοίνυν
463 3361 518 3421 καί
552 3368 642 3424 τοῦτο
676 3361 900 3444 γινώσκεσθαι.
960 3357 1048 3442 6819.
1084 3360 1140 3422 καί
1174 3353 1407 3440 διηγωνισμένοι
1437 3359 1499 3426 τοῖς

328 3461 461 3541 Δαναοῖς
477 3465 607 3552 πόλεμοι
632 3471 688 3532 σὺν
712 3469 837 3553 μεγάλῳ
862 3476 952 3552 κακῷ
970 3464 1168 3530 συνίστανται
1192 3466 1246 3527 καί
1266 3461 1364 3546 ἀρετή
1390 3461 1498 3544 ψυχῶν

329 3571 395 3634 ἐκεῖ
416 3574 634 3640 διαδείκνυται.
703 3576 768 3640 Καί
793 3577 896 3662 μέντοι
919 3570 983 3639 οὐδ’
1013 3573 1030 3636 ὁ
1054 3573 1202 3657 ἐπίσημος
1224 3567 1350 3654 Ἕκτωρ
1377 3567 1448 3631 οὐδὲ
1471 3565 1499 3628 οί

328 3677 453 3763 Φρύγες
475 3682 544 3746 κτλ.
592 3686 643 3748 70.
665 3685 694 3749 τί
709 3679 778 3748 ποτ’
795 3687 833 3747 ἂν
857 3684 1005 3748 δύναιτο.Ι
1038 3683 1089 3744 71.
1115 3683 1170 3744 καὶ
1193 3680 1254 3764 ήδη
1279 3675 1499 3761 διαγραφεῖσαι

329 3788 539 3871 ἐφοινίσσοντο
568 3793 601 3855 αί
628 3792 739 3875 ήιάνες.
792 3794 845 3856 73.
873 3789 935 3874 ήδη
965 3791 1014 3855 ἐπὶ
1042 3799 1095 3853 τοῦ
1124 3792 1262 3872 ἅρματος
1290 3786 1306 3848 ὁ
1334 3779 1499 3868 Ἀχιλλεὺς

420 4081 484 4146 193)
515 4076 816 4146 Forsan]„avidoque
839 4074 1005 4131 recondidit
1029 4071 1104 4139 ore“‚
1133 4070 1169 4126 cf.
1200 4071 1211 4124 1
1237 4072 1288 4125 583
1316 4061 1497 4130 reconditus]

328 4171 515 4238 κρυπτόμενος,
535 4169 612 4223 1139
632 4166 848 4232 recondiderat]
869 4167 1036 4229 συνέκρυψεν.
1073 4160 1173 4228 Neque
1193 4172 1262 4213 vero
1281 4157 1316 4212 de
1330 4172 1361 4212 re
1375 4155 1499 4211 obscura

329 4259 390 4316 uda
408 4260 467 4316 alie
489 4259 605 4315 efficere
628 4272 756 4328 possum,
780 4256 951 4326 praesertim
980 4268 1046 4308 cum
1070 4248 1249 4306 abscondere
1268 4247 1326 4304 alio
1346 4245 1498 4301 Metamor-

329 4350 460 4423 phoseon
478 4351 543 4406 loco
562 4363 620 4404 non
640 4347 763 4416 legatur.
