3410 5104
714 393 911 458 ..3-

315 606 376 673 His
408 607 487 672 locis
514 610 548 672 et
578 606 689 672 multis
721 605 792 672 aliis
820 641 862 652 -
900 627 1006 694 neque
1037 608 1124 673 enim
1165 629 1237 672 sum
1274 607 1400 691 copiam

222 715 448 802 exemplorum
470 707 693 800 persecutusss)
717 749 761 759 -
776 713 941 779 Plenudos
964 715 1112 800 quemvis
1135 714 1177 779 eb
1193 713 1302 780 Ovidii
1327 735 1400 778 sen-

225 820 332 890 tentie
365 821 574 902 aberraverit,
609 821 745 886 verbum
776 841 835 907 pro
869 821 969 888 verbo
1003 821 1157 888 reddidit.
1204 821 1268 887 Sed
1302 822 1401 886 etiam

224 921 508 1014 interpretationes
534 929 754 1012 inveniuntur,
782 949 866 1014 quae
898 951 918 994 e
946 929 1093 995 codicum
1121 950 1279 995 consensu
1307 929 1402 994 valde

225 1036 411 1121 discrepare
434 1035 596 1100 ridentur
629 1056 735 1121 neque
765 1035 861 1100 facile
890 1036 1106 1122 explicantem
1136 1043 1169 1101 et
1205 1052 1402 1128 quemquem

223 1143 339 1212 omnic
365 1141 498 1226 exsequi
525 1141 585 1207 hoc
613 1141 684 1208 loco
711 1154 777 1207 non
805 1164 885 1228 opus
913 1149 972 1224 eet,
1000 1143 1192 1230 praesertim
1220 1164 1294 1210 oum
1321 1165 1402 1210 non-

227 1250 318 1316 nulle
339 1253 456 1335 posteo
477 1270 537 1335 per
560 1248 762 1314 occasionem
779 1258 1082 1334 commemorentur,
1105 1257 1214 1316 tomen
1233 1249 1317 1316 hene
1334 1271 1403 1317 rem

223 1355 415 1443 diligentius
438 1356 595 1436 tractabo,
618 1376 659 1421 ne
683 1355 724 1422 ed
746 1357 912 1444 exemplar
926 1357 1089 1440 Latinum,
1106 1379 1190 1444 quae
1214 1365 1288 1424 sunt
1303 1359 1403 1423 inter-

225 1463 328 1551 pretis
359 1463 469 1548 ipsius,
504 1463 697 1528 referentur.
743 1463 827 1528 Nam
862 1463 1044 1530 Plcnudem
1073 1487 1229 1552 persaepe
1259 1465 1404 1558 frustrati

172 1611 174 1618 ·
224 1570 421 1651 suntoculi,
446 1577 481 1636 ut

296 1695 401 1760 1562
425 1716 484 1780 pro
508 1696 653 1781 augustie
680 1697 760 1781 legit
788 1697 933 1781 angustis
960 1703 993 1762 et
1019 1699 1116 1764 vertit
1138 1711 1258 1778 στεναῖς

265 1801 313 1868 IV
336 1801 401 1880 248
444 1854 459 1884 „
508 1803 650 1869 calorem
710 1854 726 1884 „
790 1805 931 1869 colorem
966 1855 981 1886 ,‚
1058 1858 1073 1888 „
1136 1810 1244 1895 χροιάν

336 1913 401 1976 426
444 1959 460 1990 „
507 1910 627 1976 inultos
714 1963 728 1993 „
784 1897 910 1978 ¹multos
965 1964 980 1994 „
1059 1965 1074 1994 „
1137 1917 1256 1994 πολλάς
1337 1930 1362 1957 '-

337 2018 402 2084 628
443 2067 458 2098 „
508 2019 585 2083 orbe
712 2070 750 2110 „¹
791 2019 871 2084 urbo
966 2073 981 2102 „
1059 2073 1074 2104 „
1138 2025 1181 2100 εἰς
1203 2024 1293 2089 πόλιν

265 2124 314 2190 VI
338 2127 402 2192 219
444 2177 460 2206 ,,
508 2127 600 2211 equis
713 2178 728 2208 ,‚
792 2128 884 2213 aquis
969 2179 984 2208 „
1061 2180 1076 2210 „
1140 2130 1250 2198 ὕδασιν

248 2231 314 2298 VII
337 2234 402 2297 452
443 2283 459 2312 „
509 2234 599 2320 regie
794 2235 884 2320 regio
971 2287 986 2317 „
1062 2283 1080 2317 ἢ
1142 2236 1231 2324 χώρα

267 2445 316 2510 IX
341 2446 405 2511 305
447 2497 463 2528 „
513 2449 630 2514 adsunt
795 2451 917 2516 adeunt
971 2503 986 2532 „
1064 2503 1079 2533 „
1142 2453 1285 2538 παρίασιν

230 2550 317 2614 ΧΠΙ
363 2555 405 2616 40
446 2604 462 2633 „
513 2556 579 2619 ulla
725 2607 732 2635 ,
794 2557 851 2622 illa
971 2609 986 2640 „
1064 2611 1079 2640 „
1141 2559 1245 2626 ἐκεῖνα

340 2660 401 2724 201
446 2710 460 2740 „
510 2683 623 2726 moveo
715 2713 730 2744 „
793 2686 909 2758 moneo
969 2717 984 2746 „
1062 2717 1077 2747 „
1141 2669 1283 2733 νουθετῶ

340 2767 404 2830 614
447 2817 461 2848 ,‚
510 2768 631 2832 lassent
712 2820 727 2850 „
792 2771 916 2835 lenient
969 2823 984 2853 „
1062 2822 1077 2852 ‚,
1140 2775 1408 2861 διασπαράττουσι

340 2873 404 2938 628
446 2924 462 2954 ‚,
510 2875 623 2940 limina
716 2926 731 2956 „
795 2879 918 2942 lumine
967 2926 982 2954 „
1060 2929 1075 2960 „
1139 2883 1326 2968 ὀφθαλμούς

341 2981 405 3044 663
448 3032 463 3068 „
511 3004 636 3067 poenae
717 3035 731 3064 „
796 3006 899 3070 paene
969 3036 984 3066 „
1063 3037 1078 3071 ῃ
1142 2989 1247 3074 ὀλίγον
1272 2993 1336 3057 δεῖν

244 3086 328 3150 XIV
340 3087 403 3152 847
447 3139 462 3169 „
510 3090 653 3174 flagrans
715 3141 730 3170 „
794 3093 982 3177 fragrans„
1064 3145 1078 3175 „
1142 3098 1349 3164 εὐωδιάσασα

229 3201 265 3258 et
288 3195 389 3259 verbe
412 3197 562 3281 copulato
586 3199 821 3283 coniunctaque
845 3199 1019 3284 diremtst)
1043 3209 1078 3266 ut

228 2337 403 2405 *31118‘23
446 2392 461 2420 ‚,
509 2343 624 2426 pennis
714 2286 731 2424 ,ἶ
794 2345 907 2428 poenis
970 2395 985 2426 „
1064 2395 1079 2424 „
1141 2345 1298 2430 τιμωρίαις

716 2501 732 2532 e

236 3357 448 3366 ...nm—.-

322 3463 1407 3543 mmfflwmmmmmmmmffl

134 3553 1408 3632 ,tfflmfflmvmfflwmfflmwmmffl

233 3640 1408 3720 mwwwmmmmmmmmwmmm

192 3722 1408 3811 “mmmmmmmfflmfflmmmmm,

233 3907 1409 3987 xmssmmwmmmfflmfflfflmmmfflfflm

234 3995 1408 4078 mmmmmmmmfflmmmmmmffim

117 4083 758 4175 ¹erececesseewmrooreec

324 4175 354 4242 4)
372 4175 491 4232 Errores
514 4179 601 4234 etiem
628 4179 697 4235 inde
723 4181 958 4252 proficiscuntur,
983 4185 1062 4253 quod
1086 4186 1231 4256 interpres
1255 4198 1341 4242 voces
1366 4191 1409 4243 in?-

232 4263 360 4320 msitetes
388 4269 500 4322 resecat
527 4267 690 4337 aperitque:
723 4271 849 4340 exempli
880 4287 968 4328 (rausa
997 4272 1036 4328 IV
1055 4277 1106 4330 712
1138 4285 1292 4348 ¹praepes*
1323 4281 1409 4334 vertit

1252 4385 1284 4440 pf
