3410 5104
721 497 896 559 ..81-

221 710 346 796 όμοίους
384 717 427 793 τῷ
467 711 546 795 θείῳ
584 709 737 788 ἐξισώσας
776 710 935 786 ἐνιαυτούς
962 737 999 760 =
1030 730 1102 773 cum
1141 717 1255 793 patruo
1287 709 1395 774 senior

221 819 341 882 similes
358 819 546 902 aequaverit
569 838 680 880 annos.
720 817 795 880 842.
813 817 853 880 ab
870 817 1065 880 excelsa...
1084 813 1175 897 aede]
1196 815 1230 892 ἐξ
1246 817 1394 901 οὐρανίου

189 910 192 916 ’
219 925 337 1010 χώρου.
386 925 460 988 846.
484 930 648 988 recentem
672 945 734 987 om.
783 924 858 987 848.
883 925 939 986 καὶ
963 924 1001 987 ἐκ
1029 933 1085 987 τοῦ
1108 923 1230 987 κόλπου
1255 925 1392 1008 ἀφῆκεν.

221 1033 295 1096 849.
321 1033 377 1095 καὶ
401 1029 539 1115 φοβερὰν
568 1029 711 1094 ἕλκουσα
738 1029 843 1114 κόμην
871 1031 928 1093 καὶ
957 1028 1106 1114 ἐπιμήκη.
1154 1030 1228 1093 855.
1254 1031 1393 1106 οὕτωςό

220 1139 319 1224 μέγας
341 1133 472 1223 Ἀτρεὺς
487 1137 610 1202 ὑπείκει
625 1145 690 1213 τοῖς
711 1133 946 1221 Ἀγαμέμνονος
962 1136 1222 1221 κατορθώμασιν.
1249 1137 1324 1200 857.
1340 1139 1392 1201 ίνα

220 1245 479 1330 παραδείγμασιν
495 1243 662 1328 ἀναλόγως
676 1242 859 1329 χρήσωμαι.
892 1245 969 1308 858.
995 1250 1043 1307 551
1059 1265 1120 1306 5111.
1158 1241 1259 1325 51555]
1275 1253 1393 1329 χῶρον.

220 1354 295 1418 863.
331 1349 487 1434 Gradive]
522 1348 629 1436 Ἄρες.
678 1352 751 1415 866.
788 1351 846 1434 τὴν
881 1348 1003 1436 ὑφηλὴν
1037 1351 1185 1436 κατέχων
1220 1349 1392 1435 Ταρπηίαν

221 1459 406 1544 ἀκρόπολιν.
446 1461 521 1523 874.
547 1459 695 1542 στησάτω
714 1481 765 1544 μοι
780 1463 834 1522 τόν
858 1459 975 1544 δρόμον
991 1467 1048 1542 τῆς
1073 1459 1273 1544 ἀτεκμάρτου
1297 1459 1392 1542 ζώης.

306 1630 594 1694 Ν1111555115115115
622 1631 765 1694 exhibita
792 1651 889 1715 quam
918 1630 1161 1714 diligentissime
1185 1636 1234 1694 est
1259 1631 1392 1694 investi-

211 1725 371 1823 gandum,
385 1753 463 1801 num
479 1739 643 1822 exemplar
654 1737 858 1802 Planudeum
871 1735 926 1819 (P)
944 1738 985 1801 ad
1001 1738 1139 1801 eundem
1154 1737 1267 1801 redeat
1282 1738 1392 1802 arche·

217 1852 339 1936 typum,
365 1867 382 1908 e
406 1867 468 1929 quo
499 1867 611 1909 omnes
638 1845 737 1910 libros
766 1847 927 1909 derivatos
955 1866 1025 1908 esse
1050 1842 1249 1926 constat.2⁶⁰)
1297 1842 1392 1926 Quod

307 1988 370 2052 960)
402 1985 435 2040 Η.
467 1985 605 2055 Magnus,
637 1985 688 2055 qui
723 1984 1003 2054 Metamorphosesin
1039 1984 1226 2040 recensendis
1264 1985 1392 2054 plurima

218 2075 388 2130 adiumenta
407 2077 495 2144 atque
515 2078 687 2130 ornamenta
706 2074 951 2142 subministravit,
970 2076 1069 2129 tamen
1097 2074 1134 2129 de
1157 2074 1213 2130 hac
1232 2090 1264 2130 re
1283 2075 1392 2130 falsum

218 2164 359 2234 quiddam
386 2164 548 2230 constituit,
575 2164 654 2234 quod
681 2163 879 2232 fragmentum
907 2163 1053 2218 Beruense
1082 2162 1127 2232 [B]
1156 2179 1192 2218 ex
1220 2163 1278 2220 alio
1298 2165 1389 2220 151111Ι

217 2254 298 2309 151115
322 2253 443 2308 fluxisse
471 2269 506 2308 ac
534 2256 646 2309 ceteros
674 2269 775 2308 omnes
802 2253 893 2308 libros
913 2268 982 2308 vere
1010 2253 1068 2308 sibi
1086 2253 1168 2308 visus
1198 2257 1242 2308 est
1272 2253 1391 2322 dixisse,

217 2343 253 2398 cf.
272 2343 373 2398 Jahrb.
393 2342 413 2398 f.
431 2343 507 2398 Phil.
526 2358 554 2399 u.
574 2343 643 2399 Pau.
674 2347 697 2397 l.
717 2343 784 2398 Abt.
798 2345 841 2398 37.
860 2342 960 2412 Jahrg.
977 2345 1043 2398 1891
1064 2359 1091 2412 p.
1112 2343 1162 2398 689
1183 2358 1245 2412 sqq.
1285 2341 1391 2410 Quam-

217 2447 305 2502 quam
324 2433 401 2500 sunt,
421 2432 472 2501 qui
490 2430 595 2500 Magno
617 2432 826 2500 consenserint,
845 2431 920 2486 milri
932 2437 1030 2487 tamen
1050 2432 1107 2486 hoc
1120 2446 1184 2487 esse
1202 2431 1312 2486 falsum
1331 2433 1392 2487 iam

216 2524 298 2577 extra
326 2536 442 2575 omnem
470 2520 685 2576 dubitationem
713 2521 832 2590 quidem
855 2521 954 2590 posuit
973 2523 1005 2576 A.
1027 2520 1147 2589 Gerclre,
1167 2521 1218 2590 qui
1246 2521 1276 2576 in
1306 2521 1390 2590 libro,

216 2611 266 2680 qui
294 2609 466 2665 inscribitur
494 2609 748 2677 Seneca-Studien,
769 2610 887 2680 Leipzig
908 2612 975 2664 1895
994 2627 1022 2679 p.
1042 2612 1085 2677 54,
1114 2609 1216 2665 eodem
1244 2610 1331 2664 modo
1359 2611 1389 2665 in

216 2699 320 2756 cod.B
349 2714 406 2768 quo
434 2699 465 2753 in
494 2698 561 2753 aliis
590 2697 741 2754 codicibus
761 2715 809 2752 vv.
829 2698 959 2754 leot-e
980 2701 1110 2754 servatos
1129 2700 1217 2768 atque
1237 2701 1389 2768 corruptos

215 2804 279 2845 csse
297 2789 434 2858 probavit
463 2787 510 2856 [cf.
540 2788 629 2842 etiam
658 2787 699 2842 01.
718 2787 866 2855 Helmuth,
885 2788 917 2843 in
936 2786 1133 2856 Sitzungsber.
1154 2787 1206 2842 der
1224 2787 1318 2842 Akad.
1338 2787 1391 2843 der

215 2879 298 2933 Wiss.
319 2894 355 2933 zu
373 2875 527 2932 lliinchen.
564 2877 760 2933 Phil-Philol.
780 2893 808 2931 u.
828 2877 936 2933 Hister.
955 2876 1001 2932 Kl.
1016 2879 1085 2932 1883
1104 2894 1131 2946 p.
1146 2879 1197 2932 838
1212 2877 1284 2947 sqq]
1318 2876 1389 2932 Cum

212 2969 272 3024 iam
290 2968 323 3022 hi
342 2982 444 3022 versus
463 2967 667 3022 demonstrent
693 2966 776 3022 codd.
796 2967 1053 3036 necessitudinem,
1073 2967 1120 3022 cui
1139 2967 1221 3022 nulla
1240 2967 1270 3021 vi
1290 2967 1389 3037 resisti

212 3057 314 3127 possit,
327 3057 386 3112 alia
398 3057 592 3112 fundamenta
604 3056 685 3111 illius
699 3055 918 3111 constitutionis
931 3056 1031 3112 codice
1044 3056 1194 3112 Planudeo
1208 3059 1388 3112 evertuntur.
1470 3046 1473 3053 ’

213 3147 287 3202 Nam
306 3161 406 3202 omncs
434 3146 495 3202 fere
524 3147 697 3215 scripturae,
717 3161 791 3215 quae
819 3146 857 3200 ad
876 3144 975 3214 Magni
1003 3146 1179 3202 sententiam
1206 3146 1389 3216 probandam

214 3237 322 3305 valent,
342 3237 431 3292 etiam
450 3236 529 3305 apud
549 3235 709 3316 Planudem
730 3238 855 3304 exstant,
874 3238 907 3290 ut

245 3327 257 3381 l
312 3330 327 3380 2
347 3341 416 3382 nam
429 3325 493 3393 vos]
507 3340 576 3380 nam
589 3325 620 3380 (11
633 3325 655 3379 Β
669 3329 684 3380 6
699 3342 712 3388 ς
726 3323 821 3393 [codd.
836 3324 956 3393 1555111]
1015 3329 1061 3376 καὶ
1080 3329 1131 3392 γὰρ
1151 3329 1176 3377 οἱ
1194 3327 1255 3377 θεοί

295 3416 425 3471 50111151
443 3413 612 3484 utrumque]
633 3415 675 3470 sic
695 3414 716 3469 B
735 3419 753 3469 4
772 3431 785 3477 ς
1013 3419 1108 3480 ἀμφοῖν
1127 3417 1222 3482 μεταξὺ

279 3509 328 3560 199
347 3505 460 3574 fugere]
480 3505 616 3574 fugitque
635 3505 657 3559 B
1011 3509 1060 3556 καί
1078 3507 1174 3572 ἔφυγεν

279 3599 328 3651 155
348 3596 499 3651 subiectae
517 3594 619 3650 Pelion
639 3593 738 3662 Ossae]
759 3595 802 3650 sic
822 3595 843 3649 B
1008 3597 1039 3646 τὸ
1063 3597 1163 3662 Πήλιον
1182 3601 1230 3660 τῆς
1250 3595 1390 3661 ὑποβεβλη.

1061 3687 1140 3750 siros
1158 3683 1255 3750 ”Owot

276 3778 326 3830 190
345 3773 470 3841 tentata]
491 3775 534 3830 515
553 3773 575 3828 Β
1010 3775 1216 3840 μετεληλυθὲναι

277 3868 328 3919 199
350 3863 561 3932 confremuere]
578 3865 621 3920 sic
639 3870 680 3927 15
702 3879 761 3920 non
774 3865 918 3919 fremuere
933 3863 953 3918 B
1009 3865 1215 3930 covebcpbtqous

211 3954 252 4009 lll
290 3955 323 4008 39
344 3953 447 4022 urnae]
468 3954 510 4008 515
530 3953 552 4008 Β
572 3957 622 4017 4ς
1009 3955 1102 4021 scptu,

210 4058 277 4098 cum
296 4042 359 4098 cod.
378 4042 399 4097 P
422 4043 434 4097 l
448 4045 480 4097 69
495 4043 693 4112 dissaepserat
706 4043 874 4100 exhibuisse
888 4043 1022 4113 quamvis
1035 4057 1092 4098 non
1106 4043 1271 4112 probatum,
1285 4045 1383 4098 tamen

207 4131 358 4202 probabile
379 4132 425 4187 sit.
465 4131 542 4188 Illud
561 4132 685 4201 fulgora,
705 4133 783 4202 quod
803 4134 865 4188 cod.
885 4133 982 4188 8158
1004 4133 1103 4200 tradit,
1122 4132 1257 4202 quamvis
1277 4146 1384 4200 magna

208 4220 330 4290 Magnus
359 4223 388 4276 et
416 4221 559 4278 scientiae
592 4221 840 4291 pervestigatione
869 4225 898 4278 et
925 4221 1091 4277 disserendi
1120 4223 1234 4277 ratione
1265 4221 1387 4291 probare

208 4309 365 4379 studuerit,
390 4309 527 4366 Ovidium
547 4311 699 4380 scripsisse
717 4311 838 4366 minime
855 4326 1028 4382 persuasum
1040 4311 1146 4378 habeo3
1162 4311 1187 4365 si
1200 4312 1298 4366 autem
1315 4309 1388 4366 alibi

208 4399 311 4456 codem
330 4399 416 4455 modo
440 4399 556 4468 fulgora
584 4415 651 4455 cum
679 4399 862 4470 fulminibus,
882 4431 914 4440 -
934 4415 992 4456 11511
1020 4400 1137 4470 fulgura
1164 4403 1192 4455 et
1211 4399 1336 4456 fulmina
1354 4402 1388 4454 ut

259 4507 317 4546 Diss.
331 4507 358 4549 H.
372 4507 502 4548 Mueller.
1247 4493 1262 4544 6
