<?xml version="1.0" encoding="UTF-8"?>
<!DOCTYPE html PUBLIC "-//W3C//DTD XHTML 1.0 Transitional//EN"
    "http://www.w3.org/TR/xhtml1/DTD/xhtml1-transitional.dtd">
<html xmlns="http://www.w3.org/1999/xhtml" xml:lang="en" lang="en">
 <head>
  <title>
</title>
<meta http-equiv="Content-Type" content="text/html;charset=utf-8" />
  <meta name='ocr-system' content='tesseract 3.04.00' />
  <meta name='ocr-capabilities' content='ocr_page ocr_carea ocr_par ocr_line ocrx_word'/>
</head>
<body>
  <div class='ocr_page' id='page_1' title='image "./demetamorphoseo00mlgoog_0048.png"; bbox 0 0 3410 5104; ppageno 0'>
   <div class='ocr_carea' id='block_1_1' title="bbox 717 505 888 569">
    <p class='ocr_par' dir='ltr' id='par_1_1' title="bbox 717 505 888 569">
     <span class='ocr_line' id='line_1_1' title="bbox 717 505 888 569; baseline -0.006 -19"><span class='ocrx_word' id='word_1_1' title='bbox 717 505 888 569; x_wconf 64' lang='lat'>„39-</span> 
     </span>
    </p>
   </div>
   <div class='ocr_carea' id='block_1_2' title="bbox 211 717 1459 3592">
    <p class='ocr_par' dir='ltr' id='par_1_2' title="bbox 212 717 1386 1231">
     <span class='ocr_line' id='line_1_2' title="bbox 213 717 1386 804; baseline -0.002 -20"><span class='ocrx_word' id='word_1_2' title='bbox 213 717 290 784; x_wconf 88' lang='grc' dir='ltr'>είναι</span> <span class='ocrx_word' id='word_1_3' title='bbox 322 719 378 782; x_wconf 92' lang='grc' dir='ltr'>καί</span> <span class='ocrx_word' id='word_1_4' title='bbox 411 740 449 804; x_wconf 89' lang='grc' dir='ltr'>με</span> <span class='ocrx_word' id='word_1_5' title='bbox 479 717 611 802; x_wconf 81' lang='grc' dir='ltr'>Νύμφης</span> <span class='ocrx_word' id='word_1_6' title='bbox 643 719 720 802; x_wconf 83' lang='grc' dir='ltr'>ἐρᾶν</span> <span class='ocrx_word' id='word_1_7' title='bbox 754 718 939 802; x_wconf 75' lang='grc' dir='ltr'><strong>ἀνεπείσθη.</strong></span> <span class='ocrx_word' id='word_1_8' title='bbox 988 717 1062 782; x_wconf 93' lang='grc'><strong>824.</strong></span> <span class='ocrx_word' id='word_1_9' title='bbox 1086 727 1142 782; x_wconf 89' lang='grc' dir='ltr'>τοῦ</span> <span class='ocrx_word' id='word_1_10' title='bbox 1164 718 1386 804; x_wconf 81' lang='grc' dir='ltr'>κεκλασμένου</span> 
     </span>
     <span class='ocr_line' id='line_1_3' title="bbox 213 825 1385 910; baseline 0.005 -26"><span class='ocrx_word' id='word_1_11' title='bbox 213 866 246 884; x_wconf 84' lang='lat'><strong><em>=</em></strong></span> <span class='ocrx_word' id='word_1_12' title='bbox 269 825 344 890; x_wconf 82' lang='lat' dir='ltr'><strong>fieti.</strong></span> <span class='ocrx_word' id='word_1_13' title='bbox 376 826 450 890; x_wconf 94' lang='grc'><strong>827.</strong></span> <span class='ocrx_word' id='word_1_14' title='bbox 469 828 510 902; x_wconf 85' lang='grc' dir='ltr'>ὥς</span> <span class='ocrx_word' id='word_1_15' title='bbox 535 847 585 910; x_wconf 89' lang='grc' dir='ltr'>μοι</span> <span class='ocrx_word' id='word_1_16' title='bbox 610 826 793 910; x_wconf 79' lang='grc' dir='ltr'>διηγήσατο.</span> <span class='ocrx_word' id='word_1_17' title='bbox 827 825 901 890; x_wconf 94' lang='grc'><strong>832.</strong></span> <span class='ocrx_word' id='word_1_18' title='bbox 919 825 1099 889; x_wconf 79' lang='lat' dir='ltr'>miserrIma</span> <span class='ocrx_word' id='word_1_19' title='bbox 1116 846 1177 888; x_wconf 89' lang='lat' dir='ltr'>om.</span> <span class='ocrx_word' id='word_1_20' title='bbox 1211 825 1285 889; x_wconf 92' lang='grc'><strong>835.</strong></span> <span class='ocrx_word' id='word_1_21' title='bbox 1303 825 1385 910; x_wconf 80' lang='grc' dir='ltr'>ἀπή-</span> 
     </span>
     <span class='ocr_line' id='line_1_4' title="bbox 212 930 1385 1017; baseline 0 -21"><span class='ocrx_word' id='word_1_22' title='bbox 212 933 291 998; x_wconf 87' lang='grc' dir='ltr'>λασε</span> <span class='ocrx_word' id='word_1_23' title='bbox 323 933 361 1016; x_wconf 75' lang='grc' dir='ltr'>δὴ</span> <span class='ocrx_word' id='word_1_24' title='bbox 395 933 453 1016; x_wconf 82' lang='grc' dir='ltr'>τὴν</span> <span class='ocrx_word' id='word_1_25' title='bbox 486 933 583 998; x_wconf 84' lang='grc' dir='ltr'>νύκτα</span> <span class='ocrx_word' id='word_1_26' title='bbox 617 935 654 998; x_wconf 86' lang='grc' dir='ltr'>τό</span> <span class='ocrx_word' id='word_1_27' title='bbox 686 941 752 1016; x_wconf 85' lang='grc' dir='ltr'>φῶς</span> <span class='ocrx_word' id='word_1_28' title='bbox 779 943 834 1017; x_wconf 82' lang='grc' dir='ltr'>τῆς</span> <span class='ocrx_word' id='word_1_29' title='bbox 866 930 1014 1015; x_wconf 83' lang='grc' dir='ltr'>ἐπιούσης</span> <span class='ocrx_word' id='word_1_30' title='bbox 1046 931 1174 1016; x_wconf 78' lang='grc' dir='ltr'>ἡμέρας.</span> <span class='ocrx_word' id='word_1_31' title='bbox 1223 933 1297 997; x_wconf 88' lang='grc'><strong>836.</strong></span> <span class='ocrx_word' id='word_1_32' title='bbox 1323 935 1385 1017; x_wconf 88' lang='grc' dir='ltr'>ἐγὼ</span> 
     </span>
     <span class='ocr_line' id='line_1_5' title="bbox 213 1036 1386 1125; baseline 0 -21"><span class='ocrx_word' id='word_1_33' title='bbox 213 1036 241 1104; x_wconf 87' lang='grc' dir='ltr'>δ’</span> <span class='ocrx_word' id='word_1_34' title='bbox 265 1039 455 1124; x_wconf 80' lang='grc' dir='ltr'><strong>ἐξεγείρομαι</strong></span> <span class='ocrx_word' id='word_1_35' title='bbox 478 1043 613 1118; x_wconf 80' lang='grc' dir='ltr'>καὶτὰς</span> <span class='ocrx_word' id='word_1_36' title='bbox 636 1038 758 1125; x_wconf 79' lang='grc' dir='ltr'>λόχμας</span> <span class='ocrx_word' id='word_1_37' title='bbox 781 1040 875 1123; x_wconf 80' lang='grc' dir='ltr'><strong>ζητῶ.</strong></span> <span class='ocrx_word' id='word_1_38' title='bbox 912 1039 987 1103; x_wconf 89' lang='grc'><strong>839.</strong></span> <span class='ocrx_word' id='word_1_39' title='bbox 1005 1041 1101 1102; x_wconf 88' lang='grc' dir='ltr'>είπον.</span> <span class='ocrx_word' id='word_1_40' title='bbox 1142 1040 1215 1104; x_wconf 90' lang='grc'><strong>860.</strong></span> <span class='ocrx_word' id='word_1_41' title='bbox 1234 1041 1386 1104; x_wconf 84' lang='grc' dir='ltr'>κάπειδὰν</span> 
     </span>
     <span class='ocr_line' id='line_1_6' title="bbox 213 1147 920 1231; baseline -0.004 -19"><span class='ocrx_word' id='word_1_42' title='bbox 213 1149 385 1212; x_wconf 82' lang='grc' dir='ltr'>ὁποσονοῦν</span> <span class='ocrx_word' id='word_1_43' title='bbox 408 1169 436 1210; x_wconf 90' lang='grc' dir='ltr'>τι</span> <span class='ocrx_word' id='word_1_44' title='bbox 460 1148 537 1231; x_wconf 79' lang='grc' dir='ltr'>όροιν</span> <span class='ocrx_word' id='word_1_45' title='bbox 561 1147 691 1230; x_wconf 89' lang='grc' dir='ltr'>δύνηται</span> <span class='ocrx_word' id='word_1_46' title='bbox 714 1183 750 1206; x_wconf 91' lang='lat'><strong><em>=</em></strong></span> <span class='ocrx_word' id='word_1_47' title='bbox 773 1167 920 1230; x_wconf 84' lang='lat' dir='ltr'><strong>eumque.</strong></span> 
     </span>
    </p>

    <p class='ocr_par' dir='ltr' id='par_1_3' title="bbox 211 1249 1459 3592">
     <span class='ocr_line' id='line_1_7' title="bbox 302 1249 1386 1339; baseline 0.004 -25"><span class='ocrx_word' id='word_1_48' title='bbox 302 1251 393 1316; x_wconf 87' lang='lat' dir='ltr'>VIII.</span> <span class='ocrx_word' id='word_1_49' title='bbox 420 1255 449 1317; x_wconf 91' lang='lat'>8.</span> <span class='ocrx_word' id='word_1_50' title='bbox 479 1255 511 1317; x_wconf 84' lang='grc' dir='ltr'>ἐν</span> <span class='ocrx_word' id='word_1_51' title='bbox 540 1264 579 1336; x_wconf 74' lang='grc' dir='ltr'>τη</span> <span class='ocrx_word' id='word_1_52' title='bbox 610 1253 700 1317; x_wconf 87' lang='grc' dir='ltr'>πόλει</span> <span class='ocrx_word' id='word_1_53' title='bbox 727 1249 904 1338; x_wconf 72' lang='grc' dir='ltr'>Ἀλκαθόη.</span> <span class='ocrx_word' id='word_1_54' title='bbox 953 1255 982 1316; x_wconf 88' lang='grc'>9.</span> <span class='ocrx_word' id='word_1_55' title='bbox 1009 1275 1070 1338; x_wconf 89' lang='lat' dir='ltr'>que</span> <span class='ocrx_word' id='word_1_56' title='bbox 1095 1274 1157 1317; x_wconf 88' lang='lat' dir='ltr'>om.</span> <span class='ocrx_word' id='word_1_57' title='bbox 1203 1255 1266 1317; x_wconf 84' lang='grc' dir='ltr'>ἀπό</span> <span class='ocrx_word' id='word_1_58' title='bbox 1291 1253 1386 1339; x_wconf 83' lang='grc' dir='ltr'>μέσης</span> 
     </span>
     <span class='ocr_line' id='line_1_8' title="bbox 211 1359 1386 1445; baseline -0.001 -21"><span class='ocrx_word' id='word_1_59' title='bbox 211 1370 363 1445; x_wconf 78' lang='grc' dir='ltr'>κορυφῆς.</span> <span class='ocrx_word' id='word_1_60' title='bbox 414 1362 464 1424; x_wconf 90' lang='grc'>15.</span> <span class='ocrx_word' id='word_1_61' title='bbox 489 1362 505 1425; x_wconf 88' lang='grc' dir='ltr'>ὁ</span> <span class='ocrx_word' id='word_1_62' title='bbox 528 1371 583 1445; x_wconf 80' lang='grc' dir='ltr'>τῆς</span> <span class='ocrx_word' id='word_1_63' title='bbox 606 1359 727 1445; x_wconf 89' lang='grc' dir='ltr'>Λητοῦς</span> <span class='ocrx_word' id='word_1_64' title='bbox 750 1369 832 1436; x_wconf 86' lang='grc' dir='ltr'>παῖς.</span> <span class='ocrx_word' id='word_1_65' title='bbox 881 1361 932 1424; x_wconf 91' lang='grc'>28.</span> <span class='ocrx_word' id='word_1_66' title='bbox 968 1360 1056 1423; x_wconf 84' lang='lat' dir='ltr'><strong>lenta</strong></span> <span class='ocrx_word' id='word_1_67' title='bbox 1089 1382 1151 1424; x_wconf 88' lang='lat' dir='ltr'>om.</span> <span class='ocrx_word' id='word_1_68' title='bbox 1198 1362 1252 1424; x_wconf 92' lang='grc'>42.</span> <span class='ocrx_word' id='word_1_69' title='bbox 1287 1366 1386 1444; x_wconf 82' lang='lat' dir='ltr'><strong>utque</strong></span> 
     </span>
     <span class='ocr_line' id='line_1_9' title="bbox 212 1463 1386 1552; baseline -0.001 -21"><span class='ocrx_word' id='word_1_70' title='bbox 212 1466 356 1548; x_wconf 80' lang='lat' dir='ltr'><strong>sedebat]</strong></span> <span class='ocrx_word' id='word_1_71' title='bbox 390 1471 471 1532; x_wconf 89' lang='grc' dir='ltr'>σύτω</span> <span class='ocrx_word' id='word_1_72' title='bbox 496 1463 534 1549; x_wconf 92' lang='grc' dir='ltr'>δ’,</span> <span class='ocrx_word' id='word_1_73' title='bbox 567 1467 608 1543; x_wconf 83' lang='grc' dir='ltr'>ὡς</span> <span class='ocrx_word' id='word_1_74' title='bbox 642 1467 757 1532; x_wconf 76' lang='grc' dir='ltr'><strong>εἰώθει.</strong></span> <span class='ocrx_word' id='word_1_75' title='bbox 805 1469 857 1530; x_wconf 84' lang='grc'>49.</span> <span class='ocrx_word' id='word_1_76' title='bbox 894 1466 1014 1548; x_wconf 83' lang='lat' dir='ltr'><strong>rerum]</strong></span> <span class='ocrx_word' id='word_1_77' title='bbox 1050 1465 1212 1552; x_wconf 89' lang='grc' dir='ltr'>βασιλέων.</span> <span class='ocrx_word' id='word_1_78' title='bbox 1254 1463 1312 1532; x_wconf 87' lang='grc'>50.</span> <span class='ocrx_word' id='word_1_79' title='bbox 1341 1469 1386 1530; x_wconf 85' lang='lat' dir='ltr'>sic</span> 
     </span>
     <span class='ocr_line' id='line_1_10' title="bbox 212 1574 1385 1671; baseline 0 -33"><span class='ocrx_word' id='word_1_80' title='bbox 212 1574 386 1638; x_wconf 74' lang='lat' dir='ltr'><strong>PlanudeS.</strong></span> <span class='ocrx_word' id='word_1_81' title='bbox 434 1575 486 1638; x_wconf 88' lang='grc'>53.</span> <span class='ocrx_word' id='word_1_82' title='bbox 512 1574 647 1658; x_wconf 80' lang='grc' dir='ltr'>ἐμαυτήν</span> <span class='ocrx_word' id='word_1_83' title='bbox 669 1597 705 1638; x_wconf 87' lang='grc' dir='ltr'>τε</span> <span class='ocrx_word' id='word_1_84' title='bbox 728 1577 782 1638; x_wconf 84' lang='grc' dir='ltr'>καί</span> <span class='ocrx_word' id='word_1_85' title='bbox 802 1575 860 1658; x_wconf 77' lang='grc' dir='ltr'>τὴν</span> <span class='ocrx_word' id='word_1_86' title='bbox 877 1575 1015 1658; x_wconf 82' lang='grc' dir='ltr'>ἐμαυτῆς</span> <span class='ocrx_word' id='word_1_87' title='bbox 1031 1575 1254 1659; x_wconf 81' lang='grc' dir='ltr'>όμολογήσασα</span> <span class='ocrx_word' id='word_1_88' title='bbox 1271 1574 1385 1671; x_wconf 58' lang='grc' dir='ltr'>φλόγα,</span> 
     </span>
     <span class='ocr_line' id='line_1_11' title="bbox 212 1679 1387 1767; baseline -0.003 -19"><span class='ocrx_word' id='word_1_89' title='bbox 212 1682 333 1767; x_wconf 80' lang='grc' dir='ltr'>ἠρόμην</span> <span class='ocrx_word' id='word_1_90' title='bbox 356 1683 415 1747; x_wconf 91' lang='grc' dir='ltr'>τίνι</span> <span class='ocrx_word' id='word_1_91' title='bbox 447 1685 486 1747; x_wconf 83' lang='grc' dir='ltr'>ἂν</span> <span class='ocrx_word' id='word_1_92' title='bbox 515 1679 623 1746; x_wconf 73' lang='grc' dir='ltr'>ἐθέλοι</span> <span class='ocrx_word' id='word_1_93' title='bbox 655 1685 762 1766; x_wconf 84' lang='grc' dir='ltr'>προικί</span> <span class='ocrx_word' id='word_1_94' title='bbox 785 1683 806 1766; x_wconf 83' lang='grc' dir='ltr'>ἢ</span> <span class='ocrx_word' id='word_1_95' title='bbox 830 1683 860 1746; x_wconf 91' lang='grc' dir='ltr'>τί</span> <span class='ocrx_word' id='word_1_96' title='bbox 896 1681 1174 1767; x_wconf 78' lang='grc' dir='ltr'>καταβαλλομένην</span> <span class='ocrx_word' id='word_1_97' title='bbox 1205 1682 1324 1764; x_wconf 89' lang='grc' dir='ltr'>ταύτην</span> <span class='ocrx_word' id='word_1_98' title='bbox 1349 1703 1387 1766; x_wconf 91' lang='grc' dir='ltr'>με</span> 
     </span>
     <span class='ocr_line' id='line_1_12' title="bbox 212 1789 1386 1875; baseline 0 -23"><span class='ocrx_word' id='word_1_99' title='bbox 212 1790 382 1874; x_wconf 67' lang='grc' dir='ltr'>πρίασθαι.</span> <span class='ocrx_word' id='word_1_100' title='bbox 431 1793 482 1854; x_wconf 91' lang='grc'>59.</span> <span class='ocrx_word' id='word_1_101' title='bbox 508 1789 682 1870; x_wconf 83' lang='lat' dir='ltr'><strong>tuentibus]</strong></span> <span class='ocrx_word' id='word_1_102' title='bbox 711 1800 772 1856; x_wconf 85' lang='grc' dir='ltr'>τῶν</span> <span class='ocrx_word' id='word_1_103' title='bbox 799 1800 857 1874; x_wconf 84' lang='grc' dir='ltr'>τῆς</span> <span class='ocrx_word' id='word_1_104' title='bbox 886 1790 1017 1874; x_wconf 82' lang='grc' dir='ltr'>εὐλόγου</span> <span class='ocrx_word' id='word_1_105' title='bbox 1046 1791 1144 1866; x_wconf 77' lang='grc' dir='ltr'>αἰτίας</span> <span class='ocrx_word' id='word_1_106' title='bbox 1173 1789 1386 1875; x_wconf 81' lang='grc' dir='ltr'>ἀντεχομένων</span> 
     </span>
     <span class='ocr_line' id='line_1_13' title="bbox 213 1894 1386 1982; baseline -0.001 -21"><span class='ocrx_word' id='word_1_107' title='bbox 213 1898 318 1963; x_wconf 87' lang='grc' dir='ltr'>δπλων</span> <span class='ocrx_word' id='word_1_108' title='bbox 342 1935 378 1958; x_wconf 91' lang='lat'>=</span> <span class='ocrx_word' id='word_1_109' title='bbox 401 1897 593 1962; x_wconf 82' lang='lat' dir='ltr'><strong>tenentibus.</strong></span> <span class='ocrx_word' id='word_1_110' title='bbox 649 1895 738 1978; x_wconf 77' lang='lat' dir='ltr'><strong>60s1.</strong></span> <span class='ocrx_word' id='word_1_111' title='bbox 776 1894 850 1961; x_wconf 87' lang='grc' dir='ltr'>ὥστ’</span> <span class='ocrx_word' id='word_1_112' title='bbox 886 1896 913 1961; x_wconf 86' lang='grc' dir='ltr'>εἰ</span> <span class='ocrx_word' id='word_1_113' title='bbox 946 1897 1053 1961; x_wconf 81' lang='grc' dir='ltr'>τοιάδε</span> <span class='ocrx_word' id='word_1_114' title='bbox 1089 1897 1171 1982; x_wconf 88' lang='grc' dir='ltr'>μένει</span> <span class='ocrx_word' id='word_1_115' title='bbox 1205 1897 1263 1980; x_wconf 82' lang='grc' dir='ltr'>τὴν</span> <span class='ocrx_word' id='word_1_116' title='bbox 1297 1895 1386 1960; x_wconf 93' lang='grc' dir='ltr'>πόλιν</span> 
     </span>
     <span class='ocr_line' id='line_1_14' title="bbox 214 1999 1386 2090; baseline -0.001 -22"><span class='ocrx_word' id='word_1_117' title='bbox 214 2005 350 2090; x_wconf 82' lang='grc' dir='ltr'>ἔκβασις,</span> <span class='ocrx_word' id='word_1_118' title='bbox 379 2006 409 2069; x_wconf 90' lang='grc' dir='ltr'>τί</span> <span class='ocrx_word' id='word_1_119' title='bbox 436 1999 556 2088; x_wconf 70' lang='grc' dir='ltr'>δήποθ’</span> <span class='ocrx_word' id='word_1_120' title='bbox 583 2006 599 2068; x_wconf 86' lang='grc' dir='ltr'>ό</span> <span class='ocrx_word' id='word_1_121' title='bbox 623 2006 743 2070; x_wconf 91' lang='grc' dir='ltr'>ἐκείνου</span> <span class='ocrx_word' id='word_1_122' title='bbox 768 2005 903 2089; x_wconf 91' lang='grc' dir='ltr'>πόλεμος</span> <span class='ocrx_word' id='word_1_123' title='bbox 938 2008 1023 2089; x_wconf 83' lang='grc' dir='ltr'>αύτῷ</span> <span class='ocrx_word' id='word_1_124' title='bbox 1052 2009 1092 2069; x_wconf 88' lang='grc' dir='ltr'>τὰ</span> <span class='ocrx_word' id='word_1_125' title='bbox 1127 2005 1265 2090; x_wconf 81' lang='grc' dir='ltr'>ἡμέτερα</span> <span class='ocrx_word' id='word_1_126' title='bbox 1299 2004 1386 2088; x_wconf 84' lang='grc' dir='ltr'>τείχη</span> 
     </span>
     <span class='ocr_line' id='line_1_15' title="bbox 213 2109 1385 2198; baseline -0.003 -22"><span class='ocrx_word' id='word_1_127' title='bbox 213 2110 337 2193; x_wconf 81' lang='grc' dir='ltr'>ἀνοίξει,</span> <span class='ocrx_word' id='word_1_128' title='bbox 362 2110 433 2176; x_wconf 84' lang='grc' dir='ltr'>ἀλλ’</span> <span class='ocrx_word' id='word_1_129' title='bbox 458 2113 474 2176; x_wconf 88' lang='grc' dir='ltr'>ό</span> <span class='ocrx_word' id='word_1_130' title='bbox 498 2112 571 2196; x_wconf 87' lang='grc' dir='ltr'>ἐμός</span> <span class='ocrx_word' id='word_1_131' title='bbox 595 2114 687 2198; x_wconf 89' lang='grc' dir='ltr'>ἐρως;</span> <span class='ocrx_word' id='word_1_132' title='bbox 721 2110 774 2175; x_wconf 88' lang='grc'>64.</span> <span class='ocrx_word' id='word_1_133' title='bbox 800 2113 928 2176; x_wconf 91' lang='grc' dir='ltr'>δέδοικα</span> <span class='ocrx_word' id='word_1_134' title='bbox 952 2112 993 2189; x_wconf 82' lang='grc' dir='ltr'>ὡς</span> <span class='ocrx_word' id='word_1_135' title='bbox 1017 2112 1157 2196; x_wconf 70' lang='grc' dir='ltr'>άληθῶς.</span> <span class='ocrx_word' id='word_1_136' title='bbox 1205 2113 1257 2175; x_wconf 91' lang='grc'>65.</span> <span class='ocrx_word' id='word_1_137' title='bbox 1284 2109 1385 2192; x_wconf 87' lang='lat' dir='ltr'><strong>dirus]</strong></span> 
     </span>
     <span class='ocr_line' id='line_1_16' title="bbox 214 2218 1387 2304; baseline -0.001 -22"><span class='ocrx_word' id='word_1_138' title='bbox 214 2220 396 2304; x_wconf 86' lang='grc' dir='ltr'>άτὲραμνος.</span> <span class='ocrx_word' id='word_1_139' title='bbox 406 2218 462 2300; x_wconf 74' lang='grc'>132)</span> <span class='ocrx_word' id='word_1_140' title='bbox 503 2221 554 2282; x_wconf 92' lang='grc'>67.</span> <span class='ocrx_word' id='word_1_141' title='bbox 581 2218 702 2300; x_wconf 78' lang='lat' dir='ltr'><strong>seeum]</strong></span> <span class='ocrx_word' id='word_1_142' title='bbox 729 2223 785 2284; x_wconf 91' lang='grc' dir='ltr'>σὺν</span> <span class='ocrx_word' id='word_1_143' title='bbox 809 2221 938 2304; x_wconf 80' lang='grc' dir='ltr'>ἐμαυτῇ.</span> <span class='ocrx_word' id='word_1_144' title='bbox 981 2222 1032 2282; x_wconf 93' lang='grc'>77.</span> <span class='ocrx_word' id='word_1_145' title='bbox 1057 2219 1141 2303; x_wconf 83' lang='grc' dir='ltr'>πλὴν</span> <span class='ocrx_word' id='word_1_146' title='bbox 1165 2220 1289 2296; x_wconf 87' lang='grc' dir='ltr'>οὐδενός</span> <span class='ocrx_word' id='word_1_147' title='bbox 1312 2221 1387 2302; x_wconf 88' lang='grc' dir='ltr'>πρός</span> 
     </span>
     <span class='ocr_line' id='line_1_17' title="bbox 212 2324 1386 2413; baseline -0.002 -23"><span class='ocrx_word' id='word_1_148' title='bbox 212 2335 302 2392; x_wconf 86' lang='grc' dir='ltr'>τοῦτο</span> <span class='ocrx_word' id='word_1_149' title='bbox 326 2327 424 2412; x_wconf 86' lang='grc' dir='ltr'>πυρὸς</span> <span class='ocrx_word' id='word_1_150' title='bbox 451 2330 472 2412; x_wconf 81' lang='grc' dir='ltr'>ἢ</span> <span class='ocrx_word' id='word_1_151' title='bbox 498 2328 602 2412; x_wconf 81' lang='grc' dir='ltr'>ξίφους</span> <span class='ocrx_word' id='word_1_152' title='bbox 631 2349 680 2413; x_wconf 93' lang='grc' dir='ltr'>μοι</span> <span class='ocrx_word' id='word_1_153' title='bbox 713 2329 767 2391; x_wconf 88' lang='grc' dir='ltr'><strong>δεῖ.</strong></span> <span class='ocrx_word' id='word_1_154' title='bbox 817 2328 867 2391; x_wconf 91' lang='grc'>85.</span> <span class='ocrx_word' id='word_1_155' title='bbox 904 2330 958 2391; x_wconf 84' lang='grc' dir='ltr'>καί</span> <span class='ocrx_word' id='word_1_156' title='bbox 993 2326 1031 2406; x_wconf 86' lang='grc' dir='ltr'>(ὢ</span> <span class='ocrx_word' id='word_1_157' title='bbox 1067 2337 1120 2411; x_wconf 78' lang='grc' dir='ltr'>τῆς</span> <span class='ocrx_word' id='word_1_158' title='bbox 1154 2324 1298 2410; x_wconf 87' lang='grc' dir='ltr'>τόλμηςί)</span> <span class='ocrx_word' id='word_1_159' title='bbox 1333 2328 1386 2390; x_wconf 84' lang='grc' dir='ltr'>τόν</span> 
     </span>
     <span class='ocr_line' id='line_1_18' title="bbox 214 2433 1385 2520; baseline -0.002 -22"><span class='ocrx_word' id='word_1_160' title='bbox 214 2435 519 2520; x_wconf 79' lang='grc' dir='ltr'>συγκεκληρωμένον</span> <span class='ocrx_word' id='word_1_161' title='bbox 535 2446 578 2520; x_wconf 82' lang='grc' dir='ltr'>τῷ</span> <span class='ocrx_word' id='word_1_162' title='bbox 597 2437 709 2519; x_wconf 77' lang='grc' dir='ltr'>ἑαυτῆς</span> <span class='ocrx_word' id='word_1_163' title='bbox 721 2438 813 2520; x_wconf 85' lang='grc' dir='ltr'>πατρί</span> <span class='ocrx_word' id='word_1_164' title='bbox 826 2435 963 2520; x_wconf 80' lang='grc' dir='ltr'>ληίζεται</span> <span class='ocrx_word' id='word_1_165' title='bbox 975 2435 1151 2519; x_wconf 90' lang='grc' dir='ltr'>πλόκαμον.</span> <span class='ocrx_word' id='word_1_166' title='bbox 1163 2433 1215 2512; x_wconf 85' lang='grc'>133)</span> <span class='ocrx_word' id='word_1_167' title='bbox 1239 2441 1311 2517; x_wconf 84' lang='lat' dir='ltr'><strong>post</strong></span> <span class='ocrx_word' id='word_1_168' title='bbox 1328 2435 1385 2496; x_wconf 82' lang='lat'>86:</span> 
     </span>
     <span class='ocr_line' id='line_1_19' title="bbox 213 2539 1385 2627; baseline -0.003 -22"><span class='ocrx_word' id='word_1_169' title='bbox 213 2545 249 2605; x_wconf 88' lang='grc' dir='ltr'>τό</span> <span class='ocrx_word' id='word_1_170' title='bbox 272 2553 329 2626; x_wconf 79' lang='grc' dir='ltr'>τῆς</span> <span class='ocrx_word' id='word_1_171' title='bbox 352 2543 480 2627; x_wconf 75' lang='grc' dir='ltr'>ἀνομίας</span> <span class='ocrx_word' id='word_1_172' title='bbox 504 2539 577 2627; x_wconf 72' lang='grc' dir='ltr'>μεθ’</span> <span class='ocrx_word' id='word_1_173' title='bbox 601 2543 715 2625; x_wconf 79' lang='grc' dir='ltr'>ἑαυτῆς</span> <span class='ocrx_word' id='word_1_174' title='bbox 748 2542 836 2625; x_wconf 89' lang='grc' dir='ltr'>φέρει</span> <span class='ocrx_word' id='word_1_175' title='bbox 867 2543 1017 2626; x_wconf 89' lang='grc' dir='ltr'>λάφυρον,</span> <span class='ocrx_word' id='word_1_176' title='bbox 1041 2552 1098 2625; x_wconf 79' lang='grc' dir='ltr'>τῆς</span> <span class='ocrx_word' id='word_1_177' title='bbox 1122 2564 1155 2605; x_wconf 89' lang='grc' dir='ltr'>τε</span> <span class='ocrx_word' id='word_1_178' title='bbox 1179 2541 1278 2625; x_wconf 91' lang='grc' dir='ltr'>πύλης</span> <span class='ocrx_word' id='word_1_179' title='bbox 1303 2540 1385 2618; x_wconf 84' lang='grc' dir='ltr'>ἐξελ·</span> 
     </span>
     <span class='ocr_line' id='line_1_20' title="bbox 214 2647 1385 2734; baseline -0.003 -23"><span class='ocrx_word' id='word_1_180' title='bbox 214 2649 329 2713; x_wconf 81' lang='grc' dir='ltr'><strong>8οῦσα.</strong></span> <span class='ocrx_word' id='word_1_181' title='bbox 378 2653 430 2714; x_wconf 92' lang='grc'>91.</span> <span class='ocrx_word' id='word_1_182' title='bbox 456 2650 654 2733; x_wconf 84' lang='grc' dir='ltr'>παραδίδωμι</span> <span class='ocrx_word' id='word_1_183' title='bbox 670 2649 728 2731; x_wconf 83' lang='grc' dir='ltr'>τὴν</span> <span class='ocrx_word' id='word_1_184' title='bbox 745 2649 957 2734; x_wconf 86' lang='grc' dir='ltr'>ἐνεγκαμένην</span> <span class='ocrx_word' id='word_1_185' title='bbox 975 2652 1030 2712; x_wconf 83' lang='grc' dir='ltr'>καὶ</span> <span class='ocrx_word' id='word_1_186' title='bbox 1053 2652 1106 2712; x_wconf 82' lang='grc' dir='ltr'>τόν</span> <span class='ocrx_word' id='word_1_187' title='bbox 1131 2648 1205 2732; x_wconf 87' lang='grc' dir='ltr'>ἐμὸν</span> <span class='ocrx_word' id='word_1_188' title='bbox 1229 2647 1385 2731; x_wconf 72' lang='grc' dir='ltr'>θάλαμον.</span> 
     </span>
     <span class='ocr_line' id='line_1_21' title="bbox 216 2753 1385 2840; baseline -0.003 -22"><span class='ocrx_word' id='word_1_189' title='bbox 216 2757 287 2820; x_wconf 90' lang='grc'><strong>104.</strong></span> <span class='ocrx_word' id='word_1_190' title='bbox 314 2757 468 2820; x_wconf 82' lang='lat' dir='ltr'><strong>deductas</strong></span> <span class='ocrx_word' id='word_1_191' title='bbox 493 2778 571 2820; x_wconf 81' lang='lat' dir='ltr'>nare</span> <span class='ocrx_word' id='word_1_192' title='bbox 596 2754 734 2836; x_wconf 80' lang='lat' dir='ltr'>carinas]</span> <span class='ocrx_word' id='word_1_193' title='bbox 751 2758 806 2832; x_wconf 86' lang='grc' dir='ltr'>τὰς</span> <span class='ocrx_word' id='word_1_194' title='bbox 822 2766 896 2832; x_wconf 85' lang='grc' dir='ltr'>ναῦς</span> <span class='ocrx_word' id='word_1_195' title='bbox 914 2755 1110 2840; x_wconf 84' lang='grc' dir='ltr'>άναγσμένας</span> <span class='ocrx_word' id='word_1_196' title='bbox 1126 2758 1158 2818; x_wconf 85' lang='grc' dir='ltr'>έν</span> <span class='ocrx_word' id='word_1_197' title='bbox 1174 2765 1213 2838; x_wconf 74' lang='grc' dir='ltr'>τῇ</span> <span class='ocrx_word' id='word_1_198' title='bbox 1231 2753 1385 2836; x_wconf 83' lang='grc' dir='ltr'>8αλάττη.</span> 
     </span>
     <span class='ocr_line' id='line_1_22' title="bbox 216 2858 1386 2948; baseline -0.001 -23"><span class='ocrx_word' id='word_1_199' title='bbox 216 2865 287 2928; x_wconf 92' lang='grc'><strong>106.</strong></span> <span class='ocrx_word' id='word_1_200' title='bbox 328 2864 526 2947; x_wconf 81' lang='lat' dir='ltr'><strong>consumptis</strong></span> <span class='ocrx_word' id='word_1_201' title='bbox 564 2862 713 2948; x_wconf 80' lang='lat' dir='ltr'>precibus</span> <span class='ocrx_word' id='word_1_202' title='bbox 752 2885 814 2926; x_wconf 90' lang='lat' dir='ltr'>om.</span> <span class='ocrx_word' id='word_1_203' title='bbox 874 2865 941 2927; x_wconf 91' lang='grc'><strong>107.</strong></span> <span class='ocrx_word' id='word_1_204' title='bbox 983 2858 1097 2947; x_wconf 84' lang='lat' dir='ltr'>passis]</span> <span class='ocrx_word' id='word_1_205' title='bbox 1136 2861 1289 2946; x_wconf 91' lang='grc' dir='ltr'>λελυμένη</span> <span class='ocrx_word' id='word_1_206' title='bbox 1328 2861 1386 2944; x_wconf 81' lang='grc' dir='ltr'>τὴν</span> 
     </span>
     <span class='ocr_line' id='line_1_23' title="bbox 213 2968 1387 3054; baseline -0.003 -21"><span class='ocrx_word' id='word_1_207' title='bbox 213 2968 391 3054; x_wconf 75' lang='grc' dir='ltr'><strong>κόμην.134)</strong></span> <span class='ocrx_word' id='word_1_208' title='bbox 442 2972 513 3032; x_wconf 92' lang='grc'><strong>111.</strong></span> <span class='ocrx_word' id='word_1_209' title='bbox 550 2971 625 3033; x_wconf 80' lang='lat' dir='ltr'><strong>data</strong></span> <span class='ocrx_word' id='word_1_210' title='bbox 660 2968 807 3050; x_wconf 84' lang='lat' dir='ltr'>munera]</span> <span class='ocrx_word' id='word_1_211' title='bbox 843 2971 928 3054; x_wconf 81' lang='grc' dir='ltr'>τάμὰ</span> <span class='ocrx_word' id='word_1_212' title='bbox 957 2971 1055 3053; x_wconf 86' lang='grc' dir='ltr'><strong>δῶρα.</strong></span> <span class='ocrx_word' id='word_1_213' title='bbox 1106 2971 1178 3033; x_wconf 93' lang='grc'><strong>117.</strong></span> <span class='ocrx_word' id='word_1_214' title='bbox 1208 2969 1387 3053; x_wconf 85' lang='grc' dir='ltr'>ἐπετείχισα</span> 
     </span>
     <span class='ocr_line' id='line_1_24' title="bbox 213 3075 1387 3162; baseline 0.001 -24"><span class='ocrx_word' id='word_1_215' title='bbox 213 3077 333 3161; x_wconf 78' lang='grc' dir='ltr'>ἐμαυτῇ</span> <span class='ocrx_word' id='word_1_216' title='bbox 362 3077 419 3160; x_wconf 83' lang='grc' dir='ltr'>τὴν</span> <span class='ocrx_word' id='word_1_217' title='bbox 447 3077 628 3162; x_wconf 85' lang='grc' dir='ltr'>οἰκουμένην</span> <span class='ocrx_word' id='word_1_218' title='bbox 655 3114 691 3136; x_wconf 88' lang='grc'>--</span> <span class='ocrx_word' id='word_1_219' title='bbox 715 3077 940 3140; x_wconf 86' lang='lat' dir='ltr'><strong>obstruximus.</strong></span> <span class='ocrx_word' id='word_1_220' title='bbox 951 3075 1004 3156; x_wconf 75' lang='grc'>135)</span> <span class='ocrx_word' id='word_1_221' title='bbox 1062 3079 1121 3140; x_wconf 92' lang='grc'>122</span> <span class='ocrx_word' id='word_1_222' title='bbox 1147 3099 1214 3161; x_wconf 83' lang='lat' dir='ltr'><strong>sqq.</strong></span> <span class='ocrx_word' id='word_1_223' title='bbox 1247 3076 1320 3140; x_wconf 87' lang='grc' dir='ltr'>οὐδέ</span> <span class='ocrx_word' id='word_1_224' title='bbox 1351 3097 1387 3158; x_wconf 84' lang='grc' dir='ltr'>γε</span> 
     </span>
     <span class='ocr_line' id='line_1_25' title="bbox 214 3181 1386 3269; baseline 0.001 -23"><span class='ocrx_word' id='word_1_225' title='bbox 214 3181 285 3259; x_wconf 82' lang='grc' dir='ltr'>Διὸς</span> <span class='ocrx_word' id='word_1_226' title='bbox 303 3187 341 3247; x_wconf 91' lang='grc' dir='ltr'>σὺ</span> <span class='ocrx_word' id='word_1_227' title='bbox 358 3193 439 3262; x_wconf 84' lang='grc' dir='ltr'>παῖς,</span> <span class='ocrx_word' id='word_1_228' title='bbox 457 3181 521 3248; x_wconf 86' lang='grc' dir='ltr'>οὐδ’</span> <span class='ocrx_word' id='word_1_229' title='bbox 538 3185 558 3268; x_wconf 71' lang='grc' dir='ltr'>ν)</span> <span class='ocrx_word' id='word_1_230' title='bbox 584 3187 623 3268; x_wconf 83' lang='grc' dir='ltr'>σὴ</span> <span class='ocrx_word' id='word_1_231' title='bbox 642 3185 741 3269; x_wconf 81' lang='grc' dir='ltr'>μήτηρ</span> <span class='ocrx_word' id='word_1_232' title='bbox 759 3183 929 3268; x_wconf 86' lang='grc' dir='ltr'>όμοιιύματι</span> <span class='ocrx_word' id='word_1_233' title='bbox 945 3185 1061 3268; x_wconf 91' lang='grc' dir='ltr'>ταύρου</span> <span class='ocrx_word' id='word_1_234' title='bbox 1078 3186 1237 3269; x_wconf 83' lang='grc' dir='ltr'>ἠπάτηται</span> <span class='ocrx_word' id='word_1_235' title='bbox 1253 3181 1386 3268; x_wconf 81' lang='grc' dir='ltr'>(ψευδὴς</span> 
     </span>
     <span class='ocr_line' id='line_1_26' title="bbox 214 3290 1387 3376; baseline 0 -24"><span class='ocrx_word' id='word_1_236' title='bbox 214 3292 303 3367; x_wconf 84' lang='grc' dir='ltr'>οὗτος</span> <span class='ocrx_word' id='word_1_237' title='bbox 325 3300 380 3354; x_wconf 92' lang='grc' dir='ltr'>τοῦ</span> <span class='ocrx_word' id='word_1_238' title='bbox 403 3291 511 3374; x_wconf 86' lang='grc' dir='ltr'>γένους</span> <span class='ocrx_word' id='word_1_239' title='bbox 536 3293 599 3355; x_wconf 87' lang='grc' dir='ltr'>ἐστί</span> <span class='ocrx_word' id='word_1_240' title='bbox 625 3290 750 3376; x_wconf 70' lang='grc' dir='ltr'>μῦθος),</span> <span class='ocrx_word' id='word_1_241' title='bbox 776 3291 859 3355; x_wconf 83' lang='grc' dir='ltr'>ἀλλὰ</span> <span class='ocrx_word' id='word_1_242' title='bbox 882 3301 926 3376; x_wconf 81' lang='grc' dir='ltr'>τῷ</span> <span class='ocrx_word' id='word_1_243' title='bbox 955 3294 1020 3355; x_wconf 90' lang='grc' dir='ltr'>όντι</span> <span class='ocrx_word' id='word_1_244' title='bbox 1043 3295 1097 3356; x_wconf 83' lang='grc' dir='ltr'>καί</span> <span class='ocrx_word' id='word_1_245' title='bbox 1120 3294 1225 3376; x_wconf 85' lang='grc' dir='ltr'>ἄγριος</span> <span class='ocrx_word' id='word_1_246' title='bbox 1249 3294 1305 3353; x_wconf 84' lang='grc' dir='ltr'>καί</span> <span class='ocrx_word' id='word_1_247' title='bbox 1327 3292 1387 3354; x_wconf 87' lang='grc' dir='ltr'>οὐκ</span> 
     </span>
     <span class='ocr_line' id='line_1_27' title="bbox 213 3394 1386 3483; baseline 0.003 -26"><span class='ocrx_word' id='word_1_248' title='bbox 213 3396 295 3462; x_wconf 85' lang='grc' dir='ltr'>ἐστιν</span> <span class='ocrx_word' id='word_1_249' title='bbox 329 3399 368 3480; x_wconf 79' lang='grc' dir='ltr'>ἧς</span> <span class='ocrx_word' id='word_1_250' title='bbox 403 3399 568 3483; x_wconf 83' lang='grc' dir='ltr'>δαμάλεως</span> <span class='ocrx_word' id='word_1_251' title='bbox 596 3399 689 3474; x_wconf 87' lang='grc' dir='ltr'>άλοὺς</span> <span class='ocrx_word' id='word_1_252' title='bbox 719 3401 820 3482; x_wconf 84' lang='grc' dir='ltr'>ἔρωτι,</span> <span class='ocrx_word' id='word_1_253' title='bbox 848 3407 959 3483; x_wconf 90' lang='grc' dir='ltr'>ταῦρος</span> <span class='ocrx_word' id='word_1_254' title='bbox 993 3400 1033 3482; x_wconf 74' lang='grc' dir='ltr'>ἢν</span> <span class='ocrx_word' id='word_1_255' title='bbox 1067 3400 1083 3462; x_wconf 89' lang='grc' dir='ltr'>ό</span> <span class='ocrx_word' id='word_1_256' title='bbox 1116 3401 1152 3463; x_wconf 89' lang='grc' dir='ltr'>σὲ</span> <span class='ocrx_word' id='word_1_257' title='bbox 1184 3398 1320 3482; x_wconf 87' lang='grc' dir='ltr'>σπείρας.</span> <span class='ocrx_word' id='word_1_258' title='bbox 1330 3394 1386 3476; x_wconf 81' lang='grc'>136)</span> 
     </span>
     <span class='ocr_line' id='line_1_28' title="bbox 217 3505 1459 3592; baseline 0.001 -26"><span class='ocrx_word' id='word_1_259' title='bbox 217 3505 288 3568; x_wconf 89' lang='grc'><strong>130.</strong></span> <span class='ocrx_word' id='word_1_260' title='bbox 313 3512 404 3569; x_wconf 88' lang='grc' dir='ltr'>τοῦτο</span> <span class='ocrx_word' id='word_1_261' title='bbox 427 3508 462 3570; x_wconf 90' lang='grc' dir='ltr'>τό</span> <span class='ocrx_word' id='word_1_262' title='bbox 478 3505 622 3592; x_wconf 91' lang='grc' dir='ltr'>τόλμημα</span> <span class='ocrx_word' id='word_1_263' title='bbox 645 3507 756 3590; x_wconf 86' lang='grc' dir='ltr'>σοίγε,</span> <span class='ocrx_word' id='word_1_264' title='bbox 780 3508 864 3570; x_wconf 84' lang='grc' dir='ltr'>κατὰ</span> <span class='ocrx_word' id='word_1_265' title='bbox 880 3515 937 3590; x_wconf 82' lang='grc' dir='ltr'>τῆς</span> <span class='ocrx_word' id='word_1_266' title='bbox 953 3507 1101 3590; x_wconf 91' lang='grc' dir='ltr'>πατρίδος</span> <span class='ocrx_word' id='word_1_267' title='bbox 1116 3509 1171 3570; x_wconf 86' lang='grc' dir='ltr'>καί</span> <span class='ocrx_word' id='word_1_268' title='bbox 1187 3514 1241 3569; x_wconf 90' lang='grc' dir='ltr'>τοῦ</span> <span class='ocrx_word' id='word_1_269' title='bbox 1257 3506 1385 3587; x_wconf 83' lang='grc' dir='ltr'>πατρός,</span> <span class='ocrx_word' id='word_1_270' title='bbox 1458 3533 1459 3537; x_wconf 55' lang='grc'>’</span> 
     </span>
    </p>
   </div>
   <div class='ocr_carea' id='block_1_3' title="bbox 212 3752 1387 4357">
    <p class='ocr_par' dir='ltr' id='par_1_4' title="bbox 212 3752 1387 3912">
     <span class='ocr_line' id='line_1_29' title="bbox 304 3752 1387 3822; baseline -0.004 -14"><span class='ocrx_word' id='word_1_271' title='bbox 304 3754 367 3820; x_wconf 92' lang='grc'><strong>132)</strong></span> <span class='ocrx_word' id='word_1_272' title='bbox 387 3753 491 3808; x_wconf 87' lang='lat' dir='ltr'>Utrum</span> <span class='ocrx_word' id='word_1_273' title='bbox 510 3754 591 3808; x_wconf 75' lang='lat' dir='ltr'><strong>ditus</strong></span> <span class='ocrx_word' id='word_1_274' title='bbox 605 3769 640 3808; x_wconf 83' lang='lat' dir='ltr'>an</span> <span class='ocrx_word' id='word_1_275' title='bbox 656 3755 746 3809; x_wconf 88' lang='lat' dir='ltr'>durus</span> <span class='ocrx_word' id='word_1_276' title='bbox 762 3753 916 3820; x_wconf 70' lang='lat' dir='ltr'>iuvenem,</span> <span class='ocrx_word' id='word_1_277' title='bbox 936 3753 998 3808; x_wconf 86' lang='lat' dir='ltr'>erui</span> <span class='ocrx_word' id='word_1_278' title='bbox 1017 3768 1073 3808; x_wconf 84' lang='lat' dir='ltr'>non</span> <span class='ocrx_word' id='word_1_279' title='bbox 1089 3754 1193 3822; x_wconf 81' lang='lat' dir='ltr'><strong>potest,</strong></span> <span class='ocrx_word' id='word_1_280' title='bbox 1212 3752 1280 3821; x_wconf 87' lang='lat' dir='ltr'>quia</span> <span class='ocrx_word' id='word_1_281' title='bbox 1293 3765 1387 3820; x_wconf 82' lang='lat' dir='ltr'>neque</span> 
     </span>
     <span class='ocr_line' id='line_1_30' title="bbox 212 3841 1105 3912; baseline -0.003 -16"><span class='ocrx_word' id='word_1_282' title='bbox 212 3841 269 3898; x_wconf 84' lang='lat' dir='ltr'>hoc</span> <span class='ocrx_word' id='word_1_283' title='bbox 289 3858 383 3912; x_wconf 81' lang='lat' dir='ltr'>neque</span> <span class='ocrx_word' id='word_1_284' title='bbox 402 3843 477 3897; x_wconf 83' lang='lat' dir='ltr'>Illud</span> <span class='ocrx_word' id='word_1_285' title='bbox 497 3843 567 3897; x_wconf 83' lang='lat' dir='ltr'>alibi</span> <span class='ocrx_word' id='word_1_286' title='bbox 588 3844 643 3898; x_wconf 82' lang='lat' dir='ltr'>hoc</span> <span class='ocrx_word' id='word_1_287' title='bbox 663 3843 749 3898; x_wconf 85' lang='lat' dir='ltr'>modo</span> <span class='ocrx_word' id='word_1_288' title='bbox 768 3843 900 3908; x_wconf 82' lang='lat' dir='ltr'><strong>vertitur,</strong></span> <span class='ocrx_word' id='word_1_289' title='bbox 922 3842 957 3897; x_wconf 89' lang='lat' dir='ltr'>cf.</span> <span class='ocrx_word' id='word_1_290' title='bbox 977 3857 1042 3896; x_wconf 83' lang='lat' dir='ltr'><strong>ann.</strong></span> <span class='ocrx_word' id='word_1_291' title='bbox 1063 3843 1105 3897; x_wconf 86' lang='grc'>67.</span> 
     </span>
    </p>

    <p class='ocr_par' dir='ltr' id='par_1_5' title="bbox 215 3931 1387 4091">
     <span class='ocr_line' id='line_1_31' title="bbox 304 3931 1387 4002; baseline -0.005 -16"><span class='ocrx_word' id='word_1_292' title='bbox 304 3933 367 3998; x_wconf 86' lang='grc'><strong>133)</strong></span> <span class='ocrx_word' id='word_1_293' title='bbox 388 3933 580 4002; x_wconf 82' lang='lat' dir='ltr'><strong>Interpretem</strong></span> <span class='ocrx_word' id='word_1_294' title='bbox 601 3933 716 4000; x_wconf 78' lang='lat' dir='ltr'><strong>„vitali‘⁴</strong></span> <span class='ocrx_word' id='word_1_295' title='bbox 738 3933 887 3986; x_wconf 79' lang='lat' dir='ltr'>iuvenisse</span> <span class='ocrx_word' id='word_1_296' title='bbox 906 3933 986 4000; x_wconf 83' lang='lat' dir='ltr'><strong>puto,</strong></span> <span class='ocrx_word' id='word_1_297' title='bbox 1006 3931 1075 3999; x_wconf 86' lang='lat' dir='ltr'>quia</span> <span class='ocrx_word' id='word_1_298' title='bbox 1101 3931 1201 3986; x_wconf 83' lang='lat' dir='ltr'><strong>fatalis</strong></span> <span class='ocrx_word' id='word_1_299' title='bbox 1219 3931 1249 3985; x_wconf 85' lang='lat' dir='ltr'>iu</span> <span class='ocrx_word' id='word_1_300' title='bbox 1269 3937 1387 3996; x_wconf 82' lang='grc' dir='ltr'>μοιραῖος</span> 
     </span>
     <span class='ocr_line' id='line_1_32' title="bbox 215 4020 1385 4091; baseline -0.003 -16"><span class='ocrx_word' id='word_1_301' title='bbox 215 4021 280 4076; x_wconf 84' lang='lat' dir='ltr'>VIII</span> <span class='ocrx_word' id='word_1_302' title='bbox 295 4025 357 4089; x_wconf 84' lang='grc'><strong>453,</strong></span> <span class='ocrx_word' id='word_1_303' title='bbox 371 4025 433 4089; x_wconf 91' lang='grc'><strong>479,</strong></span> <span class='ocrx_word' id='word_1_304' title='bbox 446 4025 571 4088; x_wconf 87' lang='grc' dir='ltr'>μόρσιμος</span> <span class='ocrx_word' id='word_1_305' title='bbox 584 4023 608 4078; x_wconf 93' lang='lat' dir='ltr'>V</span> <span class='ocrx_word' id='word_1_306' title='bbox 624 4025 682 4091; x_wconf 91' lang='grc'>182,</span> <span class='ocrx_word' id='word_1_307' title='bbox 696 4023 842 4089; x_wconf 72' lang='grc' dir='ltr'>θανάσιμος</span> <span class='ocrx_word' id='word_1_308' title='bbox 856 4021 894 4076; x_wconf 87' lang='lat' dir='ltr'>IX</span> <span class='ocrx_word' id='word_1_309' title='bbox 907 4025 968 4088; x_wconf 86' lang='grc'><strong>412,</strong></span> <span class='ocrx_word' id='word_1_310' title='bbox 987 4023 1152 4086; x_wconf 83' lang='grc' dir='ltr'>πεπρωμένος</span> <span class='ocrx_word' id='word_1_311' title='bbox 1170 4020 1221 4075; x_wconf 87' lang='lat' dir='ltr'>XV</span> <span class='ocrx_word' id='word_1_312' title='bbox 1235 4024 1268 4076; x_wconf 88' lang='grc'><strong>54</strong></span> <span class='ocrx_word' id='word_1_313' title='bbox 1289 4021 1385 4074; x_wconf 84' lang='lat' dir='ltr'><strong>vertit.</strong></span> 
     </span>
    </p>

    <p class='ocr_par' dir='ltr' id='par_1_6' title="bbox 306 4111 578 4178">
     <span class='ocr_line' id='line_1_33' title="bbox 306 4111 578 4178; baseline -0.004 -13"><span class='ocrx_word' id='word_1_314' title='bbox 306 4112 367 4178; x_wconf 84' lang='lat'>134)</span> <span class='ocrx_word' id='word_1_315' title='bbox 388 4111 428 4166; x_wconf 83' lang='lat' dir='ltr'>CI.</span> <span class='ocrx_word' id='word_1_316' title='bbox 449 4126 514 4166; x_wconf 88' lang='lat' dir='ltr'><strong>ann.</strong></span> <span class='ocrx_word' id='word_1_317' title='bbox 535 4115 578 4167; x_wconf 88' lang='lat'>80.</span> 
     </span>
    </p>

    <p class='ocr_par' dir='ltr' id='par_1_7' title="bbox 213 4199 1386 4357">
     <span class='ocr_line' id='line_1_34' title="bbox 305 4199 1386 4269; baseline -0.005 -15"><span class='ocrx_word' id='word_1_318' title='bbox 305 4202 367 4265; x_wconf 83' lang='lat'><strong>135)</strong></span> <span class='ocrx_word' id='word_1_319' title='bbox 388 4200 428 4255; x_wconf 81' lang='grc'>01.</span> <span class='ocrx_word' id='word_1_320' title='bbox 449 4201 518 4255; x_wconf 90' lang='lat' dir='ltr'>VIII</span> <span class='ocrx_word' id='word_1_321' title='bbox 543 4199 621 4269; x_wconf 72' lang='lat' dir='ltr'>185!ss</span> <span class='ocrx_word' id='word_1_322' title='bbox 641 4204 736 4256; x_wconf 82' lang='lat' dir='ltr'><strong>terras</strong></span> <span class='ocrx_word' id='word_1_323' title='bbox 755 4201 825 4255; x_wconf 86' lang='lat' dir='ltr'><strong>licet</strong></span> <span class='ocrx_word' id='word_1_324' title='bbox 844 4202 873 4255; x_wconf 85' lang='lat' dir='ltr'>et</span> <span class='ocrx_word' id='word_1_325' title='bbox 893 4199 986 4255; x_wconf 81' lang='lat' dir='ltr'>undas</span> <span class='ocrx_word' id='word_1_326' title='bbox 1006 4199 1147 4267; x_wconf 82' lang='lat' dir='ltr'><strong>obstruat]</strong></span> <span class='ocrx_word' id='word_1_327' title='bbox 1168 4203 1191 4251; x_wconf 75' lang='grc' dir='ltr'>εἰ</span> <span class='ocrx_word' id='word_1_328' title='bbox 1209 4202 1255 4250; x_wconf 82' lang='grc' dir='ltr'>καί</span> <span class='ocrx_word' id='word_1_329' title='bbox 1273 4204 1322 4265; x_wconf 76' lang='grc' dir='ltr'>γῆν</span> <span class='ocrx_word' id='word_1_330' title='bbox 1340 4202 1386 4250; x_wconf 83' lang='grc' dir='ltr'>και</span> 
     </span>
     <span class='ocr_line' id='line_1_35' title="bbox 213 4289 729 4357; baseline 0.004 -17"><span class='ocrx_word' id='word_1_331' title='bbox 213 4289 353 4340; x_wconf 67' lang='grc' dir='ltr'>θάλασσαν</span> <span class='ocrx_word' id='word_1_332' title='bbox 373 4292 387 4340; x_wconf 88' lang='grc' dir='ltr'>ό</span> <span class='ocrx_word' id='word_1_333' title='bbox 406 4291 492 4352; x_wconf 86' lang='grc' dir='ltr'>Μίνως</span> <span class='ocrx_word' id='word_1_334' title='bbox 510 4293 659 4357; x_wconf 85' lang='grc' dir='ltr'>ἐπιτειχίσει</span> <span class='ocrx_word' id='word_1_335' title='bbox 678 4307 729 4356; x_wconf 92' lang='grc' dir='ltr'><strong>μοι.</strong></span> 
     </span>
    </p>
   </div>
   <div class='ocr_carea' id='block_1_4' title="bbox 306 4378 1385 4449">
    <p class='ocr_par' dir='ltr' id='par_1_8' title="bbox 306 4378 1385 4449">
     <span class='ocr_line' id='line_1_36' title="bbox 306 4378 1385 4449; baseline -0.004 -17"><span class='ocrx_word' id='word_1_336' title='bbox 306 4380 366 4446; x_wconf 90' lang='grc'><strong>136)</strong></span> <span class='ocrx_word' id='word_1_337' title='bbox 387 4379 427 4434; x_wconf 80' lang='lat' dir='ltr'>Cf.</span> <span class='ocrx_word' id='word_1_338' title='bbox 450 4379 486 4434; x_wconf 85' lang='lat' dir='ltr'>VI</span> <span class='ocrx_word' id='word_1_339' title='bbox 509 4383 559 4435; x_wconf 89' lang='grc'>113</span> <span class='ocrx_word' id='word_1_340' title='bbox 580 4381 710 4449; x_wconf 79' lang='lat' dir='ltr'><strong>Asopida</strong></span> <span class='ocrx_word' id='word_1_341' title='bbox 728 4381 831 4435; x_wconf 83' lang='lat' dir='ltr'><strong>luserit</strong></span> <span class='ocrx_word' id='word_1_342' title='bbox 850 4378 939 4448; x_wconf 85' lang='lat' dir='ltr'>ignis]</span> <span class='ocrx_word' id='word_1_343' title='bbox 958 4383 1007 4444; x_wconf 89' lang='grc' dir='ltr'>πῦρ</span> <span class='ocrx_word' id='word_1_344' title='bbox 1026 4381 1073 4446; x_wconf 80' lang='grc' dir='ltr'>τὴν</span> <span class='ocrx_word' id='word_1_345' title='bbox 1090 4381 1222 4430; x_wconf 81' lang='grc' dir='ltr'>’Δσωπίδα</span> <span class='ocrx_word' id='word_1_346' title='bbox 1234 4381 1385 4444; x_wconf 78' lang='grc' dir='ltr'>άπατησειε·</span> 
     </span>
    </p>
   </div>
   <div class='ocr_carea' id='block_1_5' title="bbox 0 0 1711 5104">
    <p class='ocr_par' dir='ltr' id='par_1_9' title="bbox 0 0 1711 5104">
     <span class='ocr_line' id='line_1_37' title="bbox 0 0 1711 5104; baseline 0 0"><span class='ocrx_word' id='word_1_347' title='bbox 0 0 1711 5104; x_wconf 95' lang='lat' dir='ltr'> </span> 
     </span>
    </p>
   </div>
  </div>
 </body>
</html>
