3410 5104
724 550 898 614 ..53-

226 758 337 842 62618.
363 761 509 828 Θάνατον
532 764 632 829 τοίνυν
668 767 765 842 οὗτος,
790 767 836 830 ὅτι
859 768 914 830 σὺν
938 767 1005 852 έμοί
1040 768 1134 852 ζῆσαι
1163 768 1318 854 ἠθέλησε,
1344 772 1396 834 καὶ

224 866 367 934 θάνατον
396 873 455 934 ούκ
484 871 609 950 ἐπάξιον
638 873 753 958 μισθὸν
784 885 839 938 τοῦ
873 876 988 958 έρωτος
1017 876 1243 960 ύποστήσεται;
1272 875 1396 943 Οὔκουν

222 972 473 1062 ηἈνδράστεια
495 981 551 1063 τὴν
576 980 654 1064 ἐμὴν
678 980 768 1063 νίκην
792 980 948 1060 ἀνέξεται;
986 981 1060 1046 630.
1086 978 1155 1067 aut]
1180 983 1244 1047 καί.
1283 985 1396 1049 631.ἀ

223 1084 332 1149 πόσον.
366 1086 439 1149 637.
463 1086 493 1150 τί
515 1083 585 1152 ποτ’
607 1089 645 1152 ἀν
670 1088 808 1173 ποιήσειε
832 1091 1005 1173 ἀγνοούσα;
1036 1089 1110 1154 640.
1129 1112 1316 1176 comprecor
1332 1113 1394 1156 om.

224 1192 297 1254 644.
323 1191 546 1278 Δαμασκηνύν.
594 1195 729 1278 659160.
754 1195 928 1280 ἀμφίβολον
952 1192 980 1260 δ’
1003 1197 1043 1281 ην
1067 1198 1198 1284 πότερον
1231 1195 1331 1282 ἥδοιτ’
1358 1201 1396 1264 ἂν

222 1308 285 1374 τοῖς
307 1298 485 1386 λεγομένοις
509 1303 525 1366 ὁ
548 1301 731 1387 Μακάρεισς
753 1305 837 1389 ἥρως
855 1303 974 1388 μᾶλλον
990 1305 1011 1388 lt
1029 1305 1050 1388 η
1067 1304 1211 1390 Σχοινεία
1226 1306 1394 1391 παρθένος.

224 1408 298 1471 670.
323 1408 486 1494 relinquit]
510 1410 689 1475 κατέλιπεν.
738 1412 811 1476 681.
837 1407 919 1496 'Apa
947 1409 1001 1476 ούν
1033 1415 1144 1497 έγωγε,
1167 1409 1312 1490 Ἀδωνις,
1337 1417 1396 1479 οὐκ

223 1517 262 1598 ἦν
286 1513 398 1593 ἐπαξία
435 1518 564 1603 χάριτάς
586 1540 620 1582 τε
643 1518 772 1604 ἀπέχειν
800 1519 833 1597 ἐξ
860 1519 981 1584 ἐκείνου
1015 1522 1068 1585 καί
1104 1519 1254 1606 θυμάτων
1289 1522 1395 1606 τιμην;

223 1624 297 1685 691.
325 1636 456 1710 σμικρᾶς
479 1627 590 1711 θύρας.
639 1628 712 1692 697.
738 1629 765 1690 εί
795 1629 872 1712 πρὸς
894 1630 932 1691 τὰ
954 1638 1009 1712 της
1032 1627 1149 1712 Στυγὸς
1176 1630 1276 1694 ύδατα
1299 1653 1395 1695 κατα·

222 1731 605 1811 ποντίσειτοὺςάνοσίους.
639 1736 713 1798 700.
727 1736 809 1798 armi
822 1757 883 1798 om.
918 1736 992 1798 705.
1007 1757 1101 1800 omne
1114 1758 1175 1800 om.
1215 1735 1288 1801 710.
1302 1740 1396 1822 τυχὸν

223 1833 250 1901 δ’
273 1842 364 1917 ούτω,
389 1840 512 1926 κάπρου
539 1852 623 1926 σαφῆ
660 1842 922 1926 ῥινηλατήσαντες
956 1843 985 1906 οἱ
1019 1843 1110 1920 κύνες
1144 1845 1227 1929 ἴχνη.
1280 1843 1395 1909 7126

224 1945 386 2032 Κινάρειος
402 1950 531 2026 νεανίας.
564 1952 638 2014 713.
656 1950 768 2014 αὐτίκα
784 1947 813 2014 δ’
825 1951 945 2027 ἐκεῖνος
960 1960 998 2036 τη
1018 1951 1229 2036 ύπερμεγέθει
1245 1962 1395 2038 προτομῇ,

221 2055 281 2120 ύπὸ
324 2066 379 2120 τοῦ
423 2057 538 2121 οἰκείου
582 2059 712 2142 αἵματος
757 2057 944 2143 βεβαμμένη,
989 2061 1025 2122 τὸ
1063 2058 1138 2142 δόρυ
1176 2059 1394 2138 ἀπετινάξατο.

223 2163 296 2224 715.
323 2169 395 2226 trux
418 2185 497 2248 aper
520 2186 581 2228 om.
630 2167 704 2228 722.
728 2165 864 2228 alterum
892 2165 1050 2249 „pariter“
1077 2186 1140 2230 om.
1188 2166 1261 2230 724.
1287 2173 1395 2231 tamen

221 2291 283 2332 om.
332 2269 444 2353 72516.
470 2282 619 2357 μνημεῖον
650 2272 684 2336 δέ
714 2294 765 2356 μοι
787 2282 842 2336 τοῦ
865 2272 1003 2350 πένθους
1028 2283 1111 2358 μενεῖ
1134 2274 1164 2351 ἐς
1188 2273 1223 2338 τὸ
1247 2276 1395 2357 διηνεκές,

222 2371 416 2455 ὧἈδωνις.
465 2381 539 2444 728.
566 2378 609 2462 at]
638 2380 703 2444 καί.
752 2380 826 2444 730.
851 2383 904 2445 τὸν
940 2380 1113 2468 Κινάρειον.
1162 2382 1236 2446 733.
1273 2381 1394 2466 pluvio]

222 2485 422 2570 πυρράζοντι.
472 2487 545 2551 739.
571 2489 599 2551 οἱ
622 2490 661 2551 τά
685 2489 787 2552 πάντα
812 2489 1054 2572 ἀπσρρίπτοντες
1078 2491 1184 2573 ἄνεμοι
1201 2528 1233 2548 =
1252 2489 1306 2574 qui
1322 2510 1395 2573 per-

221 2592 300 2656 flant
324 2595 432 2657 omnia
455 2596 550 2658 venti.

309 2700 367 2763 XI.
386 2703 415 2763 2.
456 2701 554 2784 ducit]
572 2703 801 2787 ἐπισπωμένου.
813 2701 865 2784 174)
906 2706 936 2766 6.
958 2705 1010 2767 διὰ
1026 2713 1080 2767 τού
1096 2705 1216 2786 κούφου
1231 2703 1329 2787 ἀέρος.
1340 2700 1395 2781 ¹⁷⁵)

225 2807 274 2870 14.
294 2805 443 2892 Ἑριννύς.
487 2813 535 2873 16.
558 2812 578 2896 η
598 2808 635 2874 ἐκ
656 2811 788 2895 κέρατος
804 2811 1029 2896 έμιρυσωμένου
1045 2810 1231 2894 Βερεκυντίς
1249 2808 1394 2894 σάλπιγξ.

224 2917 274 2976 17.
300 2919 355 2978 καὶ
385 2916 582 3002 ὁΒακχεῖσς
611 2917 791 3002 ὀλολυγμὸς.
845 2921 896 2980 22.
927 2918 1095 3003 θριάμβου.
1148 2920 1199 2981 27.
1229 2919 1395 2983 καὶκατὰ

221 3110 342 3178 venerit,
363 3110 520 3167 diiudicari
544 3126 601 3166 nou
621 3115 725 3181 potest,
746 3111 781 3166 of.
801 3111 810 3165 l
833 3115 884 3166 297
904 3112 929 3166 si
948 3112 1008 3167 fors
1027 3111 1107 3181 tulit]
1132 3115 1155 3163 et
1179 3116 1255 3163 τοῦτο
1281 3113 1394 3179 ἤνεγκεν

219 3201 329 3267 ητύχη,
351 3201 360 3254 l
380 3204 432 3255 453
451 3201 511 3258 fors
530 3200 644 3271 ignara]
664 3203 730 3268 τύχη
750 3204 924 3268 ἀτέκμαρτος.

310 3291 373 3356 174)
393 3290 436 3346 Ne
456 3291 525 3361 quid
550 3292 655 3360 legerit
677 3291 821 3362 interpres
850 3291 1003 3360 diiudioes‚
1023 3291 1154 3361 impedit,
1174 3290 1250 3361 quod
1281 3291 1310 3344 et
1337 3291 1394 3344 tra-

219 3379 289 3434 here
318 3383 346 3435 et
376 3380 481 3436 ducere
509 3381 711 3436 tautummodo
741 3397 798 3436 uuo
826 3381 890 3436 loeo
918 3381 947 3436 in
977 3382 1136 3432 ἐπισπᾶσθαι
1162 3380 1258 3448 vertit,
1278 3379 1313 3434 oi.
1334 3379 1393 3434 129

220 3467 421 3539 elementaque
441 3470 565 3539 grandia
582 3469 683 3538 traxit]
703 3474 736 3522 τὰ
754 3474 836 3535 βαρέα
855 3473 963 3538 σώματα
981 3473 1148 3522 ἐπεσπάσατο
1168 3472 1197 3525 et
1209 3469 1259 3524 XV
1274 3472 1326 3524 616
1341 3483 1394 3538 ego

220 3556 326 3612 ducere
350 3574 426 3614 vana
449 3558 532 3614 irena
552 3575 639 3615 11161111
660 3603 665 3613 .
686 3598 692 3610 .
712 3559 818 3628 luctor]
843 3562 896 3626 ἐγὼ
920 3563 949 3612 δέ
966 3563 1015 3622 τὰς
1034 3563 1109 3626 ἡνίας
1128 3562 1211 3626 μάτην
1236 3559 1395 3610 ἐπισπᾶσθαι

219 3652 251 3713 τῇ
270 3651 339 3712 χειρί
359 3650 539 3715 ἀπομάχομαι.

312 3738 374 3802 176)
395 3739 473 3793 Haeo
492 3738 530 3794 ad
549 3739 639 3795 verba
659 3739 867 3795 Boissouadius
886 3739 1051 3794 annotavit:
1073 3738 1144 3793 ‘Lat
1160 3737 1265 3793 Levem
1282 3736 1394 3807 jactato

220 3825 300 3880 crine
319 3841 371 3895 per
389 3841 504 3882 auram:
534 3827 638 3884 Noster
665 3828 742 3884 hauc
770 3828 935 3896 lectionem,
955 3843 1012 3882 uon
1041 3827 1122 3883 leves
1151 3841 1237 3882 auras
1255 3825 1394 3882 habuisse

219 3914 355 3970 videtur'.
392 3915 519 3984 Minime,
540 3918 611 3986 quid
629 3917 743 3987 legerit,
763 3917 921 3973 diiudicari
940 3917 1045 3987 potest,
1065 3916 1134 3985 quia
1152 3930 1293 3987 persaepe
1305 3915 1394 3970 inter·

218 4020 285 4074 pres
314 4021 401 4061 aurae
429 4008 460 4061 in
489 4009 541 4075 ᾰηρ
570 4007 667 4075 vertit,
693 4008 727 4063 of.
749 4007 843 4062 11229
869 4009 937 4070 ἀέρα
965 4009 1068 4073 ζέοντα,
1097 4005 1290 4071 111296πρὸς
1318 4007 1394 4072 ἀέρα,

221 4094 257 4150 Vl
276 4098 328 4152 398
352 4100 390 4159 εἰς
409 4099 454 4148 τὸν
477 4101 578 4163 κοῦφον
598 4100 673 4162 ἀέρα,
694 4097 744 4152 Vll
762 4099 809 4152 127
833 4099 899 4162 πρὸς
918 4099 963 4148 τὸν
983 4099 1058 4160 ἀέρα,
1077 4095 1102 4150 Χ
1125 4100 1153 4151 11
1174 4099 1216 4148 en
1239 4099 1285 4146 τού
1305 4097 1394 4158 ἀέρος,

220 4183 257 4239 XI
271 4187 322 4241 676
336 4189 411 4255 ἀέρα,
425 4186 539 4243 xilem
551 4191 579 4250 ἐς
594 4191 639 4240 τὸν
652 4191 765 4254 οιαρανη
779 4189 854 4250 ἀέρα.
887 4186 917 4242 Si
930 4201 982 4256 pro
995 4186 1102 4256 plurali
1115 4186 1257 4256 pluralem
1271 4184 1394 4240 reddere

220 4274 321 4342 voluit,
341 4277 418 4342 αύραι
445 4279 560 4332 vertere
579 4277 682 4346 potuit,
707 4280 740 4332 ut
759 4277 770 4332 l
792 4279 850 4342 107,
871 4276 896 4331 ll
920 4279 976 4344 154,
995 4275 1032 4330 lV
1052 4275 1113 4344 700,
1134 4275 1157 4330 V
1176 4278 1237 4342 641,
1257 4273 1322 4330 Vlll
1341 4276 1392 4328 627

219 4368 270 4420 eut
291 4368 390 4430 ἄνεμοι,
410 4368 442 4421 nt
462 4367 472 4420 Ι
489 4370 547 4422 136.
582 4365 795 4421 Tantummodo
814 4380 872 4421 uno
891 4365 956 4421 loeo
975 4364 1118 4436 pluralem
1139 4378 1225 4419 auras
1244 4363 1274 4418 in
1294 4363 1393 4431 singu-

218 4454 310 4510 larem
331 4461 378 4522 ιης
397 4457 480 4519 αὔρας
500 4457 589 4512 vertit
609 4457 643 4512 ol.
664 4455 774 4512 111101.
