3410 5104
804 418 1003 482 -8,

314 607 497 716 rpeiam),
513 635 580 698 tum
601 632 688 718 quod
703 638 851 718 tempora
866 653 995 718 quoque
1011 632 1184 698 verborum
1199 631 1357 696 licentius
1376 639 1523 698 uertere

314 739 410 820 solet,
427 760 491 806 non
507 740 611 826 magis
633 740 753 806 mirum
776 745 835 819 est,
851 761 949 825 quam
974 740 1060 824 quod
1083 761 1123 804 ea
1147 738 1245 804 verba
1267 740 1522 824 praetermisit,

313 846 435 932 -quibus
479 848 633 933 neglectis
678 849 777 934 plane
819 849 917 912 Ovidi
953 848 1121 918 sententia
1158 847 1257 933 perit,
1291 852 1333 912 ‚ut
1365 846 1412 916 ,II
1446 849 1519 925 676

313 953 440 1034 ¹frustra
467 953 529 1028 orn.
573 955 656 1022 VIII
684 958 748 1020 299
777 957 880 1021 donec
908 955 1088 1040 Meleagros
1116 975 1179 1028 om.
1224 952 1306 1018 VIII
1330 955 1411 1026 ‚782
1445 976 1520 1029 non

315 1081 383 1126 om.
429 1061 479 1126 XI
503 1063 567 1128 556
591 1065 804 1151 praecipitata
831 1064 918 1130 cadit
945 1085 1008 1129 om.
1055 1062 1168 1148 Neque
1196 1083 1273 1126 vero
1302 1063 1452 1128 oracula
1483 1070 1520 1136 et

313 1168 484 1254 epitaphia
506 1171 684 1236 secundum
719 1171 925 1257 antiquorum
960 1170 1227 1236 consuetudinem
1254 1169 1422 1251 versibus,
1456 1171 1520 1254 qui

313 1295 398 1340 sane
426 1276 505 1340 nihil
532 1277 770 1356 nisivitiorum
792 1278 1033 1344 multitudinem
1060 1277 1226 1362 praebent,
1251 1282 1383 1342 vertere
1409 1277 1518 1342 dubi-

319 1383 410 1464 tavit,
434 1391 470 1450 ut

374 1489 413 1554 ΙΙΙ
430 1488 545 1577 33718ε
562 1490 712 1560 ’Ἐνθοὶδε
735 1505 833 1560 κεῖται
856 1492 1006 1570 Φαέθων,
1032 1494 1066 1556 ὃν
1089 1495 1158 1577 ὄχοι
1181 1493 1306 1578 πατρὸς,
1330 1493 1359 1555 εἰ
1384 1495 1447 1556 καὶ

571 1600 623 1685 Μὴ
647 1600 813 1685 ἐφύλαξαν,
836 1602 920 1685 ὅμως
943 1596 1088 1685 μεγάλων
1110 1599 1288 1684 τολμὴτορα
1311 1598 1419 1684 ῥίψαν.

320 1705 374 1768 vel
396 1705 608 1771 11110-13:

428 1812 511 1891 Βοῦς
533 1833 592 1897 σοι,
617 1811 813 1902 Ἀγηνορίδῃ,
837 1813 1098 1900 προσυπαντιοὶσει
1121 1811 1189 1878 κατ’
1216 1813 1379 1897 ἀρούρας,

429 1918 553 2006 Δεσμοῠ
576 1942 611 1987 τε
633 1923 740 2006 ζυγοῖο
762 1925 817 1986 καὶ
840 1921 915 2007 ὑβοῠ
939 1922 1034 2006 ἄιδρις
1058 1921 1201 2007 ἄροτρον.

430 2027 538 2113 Τῇπερ
562 2029 771 2114 ἐφεσσάμενος
792 2027 863 2094 κατ’
887 2031 981 2114 ἴχνος,
1005 2027 1079 2093 τόθι
1101 2028 1238 2114 γούνατα
1261 2028 1383 2112 κάμψει

430 2133 548 2221 Taxes
570 2138 698 2202 θᾶσσον
723 2140 835 2222 ἔγειρε,
861 2139 902 2201 τὰ
926 2138 981 2200 καὶ
1003 2133 1139 2204 Βοιώτια
1162 2129 1322 2219 φάσκῃ)

411 2240 485 2306 Tali
521 2243 646 2308 ratione
684 2244 981 2329 interpretationem
1017 2264 1037 2306 a
1070 2241 1217 2307 Planude
1255 2241 1376 2306 factam
1418 2264 1508 2322 esse,

323 2355 495 2435 postquam
523 2352 664 2418 breviter
691 2353 919 2430 demonstravi,
944 2372 1030 2415 nuno
1058 2351 1120 2415 hoe
1149 2371 1251 2416 unum
1278 2355 1398 2435 specto,
1426 2372 1508 2435 quo-

324 2457 420 2522 modo
443 2460 477 2522 in
501 2467 570 2524 arte
593 2461 705 2526 critica
727 2461 800 2525 usui
824 2461 875 2542 sit,
899 2466 930 2524 et
957 2479 1066 2524 meum
1094 2479 1165 2523 esse
1188 2463 1265 2544 puto
1294 2457 1507 2522 collationem

315 2565 366 2630 ad
399 2565 515 2632 Kornii
549 2567 723 2634 editionem
759 2568 1001 2632 accomodatam
1036 2565 1199 2645 exhibere,
1235 2585 1308 2628 cum
1341 2585 1506 2650 persaepe

314 2671 502 2758 ,scripturae
519 2675 637 2740 codicis
652 2675 812 2740 Planudei
826 2697 892 2740 non
916 2675 984 2738 sine
1008 2674 1116 2758 aliqua
1139 2673 1222 2737 serie
1245 2671 1505 2756 disputationum

324 2781 448 2864 possint
470 2778 703 2864 diiudicari213)

325 2903 538 2914 ——n—

417 2957 461 3025 10)
479 2957 520 3014 Cf.
539 2957 607 3015 Xlll
627 2960 688 3027 793,
708 2962 768 3027 769,
788 2961 849 3026 779,
868 2960 929 3026 832,
948 2960 1010 3014 858.

418 3046 461 3116 11)
481 3046 543 3114 Qua
561 3047 598 3103 de
617 3047 829 3104 consuetudine
843 3047 1027 3103 occasionem
1046 3048 1150 3102 nactus
1162 3047 1265 3116 postea
1277 3044 1397 3100 uberius
1410 3048 1502 3114 atque

325 3135 421 3191 fusius
440 3135 591 3193 disseram.

418 3226 461 3294 12)
481 3225 621 3282 Versibus
645 3242 761 3298 quoque
784 3227 878 3282 utitur
901 3223 1045 3294 11164415,
1064 3223 1101 3279 IX
1120 3225 1180 3292 795,
1200 3223 1225 3278 X
1244 3226 1305 3292 565,
1324 3223 1502 3294 1111744314,

326 3313 499 3384 1117637140.

419 3408 462 3474 13)
482 3406 547 3462 Uno
566 3423 643 3463 nunc
662 3407 737 3463 mihi
755 3407 843 3462 liceat
861 3407 906 3462 uti
925 3403 1068 3473 exemplo,
1088 3419 1145 3473 quo
1165 3417 1223 3472 qna
1241 3403 1290 3458 via
1307 3405 1501 3473 processerim

328 3509 363 3550 ac
381 3495 494 3550 ratione
514 3495 551 3551 ad
571 3496 731 3552 eruendam
743 3495 885 3552 Planudis
899 3495 1074 3564 scripturam
1088 3493 1312 3549 demonstretur.
1351 3493 1501 3562 19919341-

328 3584 437 3640 bantur
474 3585 595 3642 exhibet
632 3586 724 3643 codex
763 3585 984 3656 Amplonianus‚
1021 3582 1192 3653 ligabantur
1227 3582 1300 3651 rell,
1336 3583 1501 3646 inolescere

328 3673 483 3730 Planudes.
522 3675 597 3742 Quid
624 3692 691 3733 eum
709 3676 859 3732 invenisse
880 3676 987 3746 putas?
1013 3672 1157 3743 Equidem
1178 3671 1389 3742 „ligabantur“.
1426 3671 1501 3726 Nam

328 3764 464 3820 nesciens
493 3766 565 3835 quid
593 3766 650 3822 sibi
669 3766 743 3823 velit
769 3765 947 3835 ligabantur,
965 3764 1110 3834 interpres
1137 3762 1212 3818 mihi
1241 3761 1360 3832 quidem
1383 3760 1502 3816 videtur

324 3854 452 3911 ¹verbum
477 3855 591 3926 ligandi
613 3855 651 3911 ad
669 3855 758 3924 idem,
778 3855 816 3911 ad
842 3855 921 3924 quod
946 3869 1051 3910 nomen
1077 3852 1147 3922 ligo,
1166 3852 1253 3920 onis,
1272 3851 1419 3921 pertinere
1444 3849 1502 3904 sibi

328 3945 520 4014 persuasisse.
556 3944 651 4002 Simili
679 3945 766 4001 modo
795 3945 884 4000 etiam
902 3945 968 4000 Vlli
989 3946 1039 4000 173
1067 3941 1143 3998 illud
1171 3943 1340 4011 corruptum
1365 3937 1499 4008 ,relicto“

325 4033 478 4090 iuvenisse
492 4035 623 4102 ¹videtur,
644 4034 723 4104 quod
745 4035 841 4101 ταὺιης
865 4037 964 4100 ἐξάψας
985 4036 1016 4085 τὸ
1034 4039 1104 4100 νῆμα
1122 4034 1239 4088 vertens
1257 4031 1356 4086 forsan
1375 4044 1393 4084 a
1412 4027 1501 4084 verbo

329 4122 474 4188 religandi
507 4123 665 4192 derivavit;
697 4124 733 4180 el.
765 4125 855 4180 etiam
883 4124 895 4178 l
919 4127 971 4180 577
997 4121 1151 4193 popularia
1179 4118 1312 4188 flumina]
1344 4121 1502 4182 ἑξοιοοῦντες

328 4216 451 4278 ποταμοί,
474 4212 526 4268 ubi
553 4214 734 4285 „popularis“
762 4213 945 4269 adverbum
973 4209 1134 4283 populandi
1161 4209 1257 4266 redire
1284 4211 1421 4282 opinatus
1449 4208 1502 4264 est.

330 4301 371 4356 cf.
391 4303 481 4358 etiam
500 4317 565 4359 ann.
585 4309 611 4360 4.
