3410 5104
828 590 1000 652 -50...

329 799 465 885 γλαυκή.
517 799 586 863 109.
612 799 772 885 Καρχαῖα.
824 795 1208 885 11213.κα1χρυσῷτόι
1235 800 1315 884 κέρα
1341 800 1496 885 ἐλάμπετο

330 911 386 972 καὶ
419 907 601 992 περιδέραια
635 909 677 984 εἰς
713 909 830 992 άρμοὺς
861 906 1101 992 συμβεβλημένα
1134 910 1188 971 καί
1221 908 1423 993 περικείμενα
1453 917 1495 993 τῷ

329 1015 444 1100 ἁπαλῷ
467 1014 615 1101 τραχήλῳ
639 1016 799 1078 καθεῖντο.
809 1013 863 1094 165)
913 1012 1021 1098 11516.
1047 1016 1108 1079 ἴσοι
1138 1017 1230 1079 τετὸ
1255 1015 1390 1100 μέγεθος
1413 1015 1496 1079 λίθοι

327 1125 400 1206 περὶ
426 1125 498 1199 τούς
525 1123 650 1198 κοίλους
677 1124 856 1206 κροτάφους
883 1123 920 1186 ἐκ
948 1132 1010 1186 τῶν
1039 1124 1127 1187 ὤτων
1156 1125 1269 1207 ἀμφοῖν
1300 1123 1494 1208 ἀπέστιλβον.

331 1229 402 1293 120.
428 1235 489 1294 τῶν
513 1225 614 1312 Κήιων
638 1231 759 1305 έθνους.
808 1231 879 1292 123.
905 1225 1069 1314 nectebas]
1094 1227 1234 1305 έπλεκες.
1246 1229 1300 1310 166)
1348 1231 1418 1292 129.
1444 1233 1495 1294 καί

326 1337 386 1402 ύπδ
402 1337 528 1422 δένδρου
549 1340 642 1402 σκιάν
660 1336 815 1422 ἀνέψυχεν
833 1337 950 1401 ἑαυτὸν.
995 1339 1066 1399 147.
1088 1337 1306 1418 hoc-movit]
1323 1337 1417 1421 τήνδε
1440 1338 1495 1421 τήν

327 1445 435 1529 φωνήν
460 1445 544 1529 ᾄδων
569 1445 707 1529 ἐκίνησε.
770 1445 841 1507 150.
866 1451 939 1530 post
964 1444 1090 1530 „prius“
1118 1446 1233 1530 interp.
1287 1447 1358 1510 158.
1384 1448 1430 1509 ότι
1454 1447 1494 1528 μή

327 1553 369 1628 εἰς
392 1563 500 1616 τοῦτον
524 1553 556 1629 δς
581 1553 631 1616 ἐπὶ
654 1562 715 1636 γῆν
738 1551 859 1637 κομίζει
881 1555 952 1630 τοὺς
976 1555 1071 1617 αὐτοῦ
1093 1556 1271 1638 κεραυνοὺς,
1289 1555 1380 1618 ἀετόν
1404 1553 1494 1635 λέγω.

327 1659 399 1722 182.
425 1659 540 1724 αὐτίκα
566 1655 594 1722 δ’
615 1661 630 1723 ό
655 1659 818 1743 νηπιύδης
842 1659 1031 1744 Ταιναρίδης
1058 1671 1096 1746 τη
1126 1658 1276 1745 ἐπιθυμίᾳ
1302 1671 1356 1745 της
1383 1660 1495 1745 τέχνης

323 1788 358 1830 τε
380 1769 433 1830 καὶ
457 1768 583 1842 παιδιᾶς
606 1769 657 1831 τόν
681 1767 788 1832 δίσκον
812 1768 962 1832 ἔσπευδεν
987 1770 1096 1852 αἴρειν.
1141 1768 1210 1832 184.
1235 1771 1288 1832 τόν
1314 1769 1352 1852 δή
1371 1767 1494 1852 σκληρά

324 1885 374 1959 γη,
387 1874 481 1938 πάλιν
496 1874 786 1938 ἀντανακοντίσασα
799 1877 875 1960 πρὸς
887 1874 977 1959 ἀέρα,
991 1879 1069 1960 πρὸς
1084 1879 1120 1940 τό
1136 1878 1191 1940 σόν
1208 1876 1304 1951 εὐθὺς
1320 1874 1494 1958 ὑπέθηκεν,

323 1974 485 2057 Ὑάκινθε,
503 1981 680 2065 πρόσωπον.
724 1983 795 2046 187.
813 1989 844 2046 te
861 2003 923 2046 orn.
968 1985 1038 2047 191.
1056 1992 1117 2060 τοῖς
1135 1983 1262 2061 ξανθοῖς
1278 1983 1378 2060 ξύλοις
1394 1983 1494 2046 αύτῶν

322 2089 566 2174 προσισχόμενα.
615 2089 689 2152 200.
715 2090 741 2152 si
766 2111 827 2153 om.
875 2091 949 2152 201.
975 2096 1006 2153 et
1030 2111 1091 2154 om.
1140 2091 1215 2154 202.
1240 2091 1306 2154 ἀντί
1331 2091 1494 2173 σοῦήκαί

324 2196 464 2260 σὺνσοί.
512 2195 585 2259 207.
611 2193 688 2272 Αἴας
712 2197 784 2260 add.
832 2199 907 2262 209.
932 2219 1008 2261 vero
1033 2219 1095 2260 om.
1143 2199 1217 2262 210.
1246 2198 1388 2282 όχυθὲν
1410 2199 1494 2260 κατὰ

321 2313 378 2387 γῆς
412 2306 467 2387 τήν
503 2303 585 2368 πόαν
620 2303 810 2389 ἐπέχριυσεν.
859 2305 933 2367 215.
959 2307 1015 2368 καί
1038 2304 1079 2369 Αι
1101 2303 1142 2390 At
1164 2307 1200 2369 τό
1234 2305 1333 2380 ἄνθος
1368 2305 1434 2389 ἔχει
1457 2303 1493 2384 δή

320 2409 545 2496 γεγραμμένον.
593 2413 667 2474 221.
692 2411 822 2496 πότερον
846 2413 961 2496 αἱροῖτο
985 2418 1194 2496 γεγεννηκυῖα
1224 2414 1301 2476 εἶναι
1323 2415 1377 2488 τάς
1401 2410 1493 2494 Πρω-

320 2517 455 2602 πήτιδας
484 2520 505 2601 ή
535 2521 586 2603 μή,
612 2518 786 2584 ἀνανεύσει.
834 2521 909 2583 224.
945 2522 1004 2604 πρό
1038 2523 1098 2604 γάρ
1134 2529 1196 2584 τῶν
1233 2521 1341 2603 θυρῶν
1376 2517 1492 2582 τούτων

245 2688 247 2694 .
321 2625 428 2689 Ξενίου
450 2625 552 2710 βωμός
581 2625 707 2708 ἑστήκει
736 2625 815 2702 Διδς,
844 2626 1040 2691 πολυστόνου
1068 2623 1267 2711 τολμήματος
1290 2625 1492 2709 :lugubris

321 2732 460 2796 seelerie
508 2731 582 2795 238.
618 2731 834 2816 Πριυπήτιδες.
883 2734 956 2796 240.
981 2737 1020 2798 τά
1056 2735 1175 2798 ἑαυτῶν
1213 2733 1346 2818 στύματα
1368 2742 1491 2817 πρῶτον

321 2841 424 2924 γυμνά
459 2838 603 2923 λέγονται
627 2839 850 2924 θριαμβεῦσαι.
900 2840 974 2903 243.
1006 2841 1077 2905 ἰδὼν
1109 2836 1147 2904 δι’
1180 2841 1409 2925 ἀσχημοσύνης
1442 2842 1493 2903 τόν

320 2947 435 3009 οἰκεῖον
478 2946 712 3032 διαγιγνομένας
747 2946 908 3026 αἰῶναίθί)
972 2949 1045 3011 250.
1082 2946 1189 3030 verae]
1226 2951 1321 3023 όντιυς
1349 2987 1381 3006 =
1406 2968 1490 3010 vere.

320 3055 393 3116 252.
419 3053 469 3117 διὰ
492 3052 530 3138 δή
553 3064 652 3118 ταῦτα
676 3057 732 3117 καί
755 3054 889 3139 ήτέχνη
915 3055 1076 3120 λανθάνει.
1124 3053 1140 3116 ό
1165 3056 1200 3118 δὲ
1217 3055 1410 3140 Πυγμαλίων
1432 3053 1491 3138 τήν

318 3182 352 3224 τε
375 3161 488 3225 ἑαυτοῦ
510 3160 624 3245 τέχνην
646 3162 814 3245 θαυμάζει.
857 3164 931 3225 271.
948 3161 1074 3246 pandis]
1097 3162 1261 3248 ἡμετέροις
1278 3163 1347 3226 eod.
1364 3161 1492 3246 ήμέροις

318 3266 419 3332 Βοὶυυ.
469 3270 543 3331 277.
573 3269 694 3352 ήσθετο
722 3269 823 3334 τοίνυν
851 3271 997 3355 ήχρυσή
1023 3265 1191 3354 Ἀφροδίτη
1221 3269 1291 3349 (καί
1319 3272 1379 3353 γάρ
1410 3269 1489 3351 αὐτή

317 3384 384 3451 ταῖς
416 3375 526 3460 ἑαυτῆς
560 3386 662 3460 παρήν
694 3375 831 3460 ἑορταῖς)
855 3377 884 3440 τί
911 3373 1044 3460 δήποτ’
1077 3381 1115 3441 ἀν
1139 3377 1207 3441 κτλ.
1257 3378 1330 3440 279.
1356 3381 1489 3440 terem.
1544 3434 1546 3439 .

318 3482 392 3546 284.
423 3482 562 3566 ύφίζανει
590 3493 652 3559 τοῖς
680 3484 854 3560 δακτύλοις.
902 3481 1012 3567 28415.
1048 3486 1156 3569 ὥσπερ
1186 3480 1365 3569 Ὑμήττειος
1393 3482 1491 3568 κηρός

316 3589 396 3674 ήλίιμ
430 3590 661 3673 μαλθάσσεται,
693 3593 735 3668 δς,
760 3601 823 3667 τοῖς
856 3591 1024 3667 δακτύλοις
1055 3589 1246 3676 τριβόμενος,
1281 3592 1323 3666 εἰς
1355 3590 1490 3665 πολλοὺς

315 3697 492 3778 κάμπτεται
515 3698 638 3774 τύπους.
672 3695 805 3782 289190.
831 3701 851 3784 ή
875 3700 908 3763 δέ
932 3707 1024 3783 σῶμα
1048 3699 1247 3782 ἀνθρώπειον
1272 3699 1328 3781 ἦν’
1353 3697 1407 3760 καὶ
1422 3719 1488 3762 πει-

315 3803 450 3889 ρώμενος
472 3814 517 3889 τῶ
541 3805 660 3890 λιχανῷ
684 3815 747 3870 τῶν
781 3805 913 3890 φλεβῶν,
941 3805 1128 3889 σφυζουσῶν
1161 3806 1280 3869 τούτων
1304 3805 1491 3869 αἰσθάνεται

411 4018 471 4084 165)
491 4017 566 4086 Quid
585 4016 740 4084 invenerit,
760 4017 866 4072 nescio,

411 4109 472 4175 166)
492 4107 596 4162 Utrum
620 4106 740 4162 texebas
767 4121 803 4161 an
832 4108 969 4164 nectebas
993 4106 1106 4175 legerit,
1129 4105 1285 4161 diiudicari
1309 4122 1365 4161 non
1385 4108 1489 4175 petest,

320 4197 356 4253 cs.
377 4197 401 4252 ll
421 4199 473 4252 554
493 4198 573 4252 texta
597 4195 633 4250 de
657 4196 765 4251 vimine
790 4195 874 4264 cista]
899 4200 926 4249 έν
953 4200 1030 4262 κίστη
1053 4197 1184 4262 πλακείση
1209 4196 1295 4263 λύγων
1320 4197 1348 4250 et
1367 4195 1418 4250 Vll
1437 4198 1488 4250 412

316 4286 400 4341 nexis
420 4287 542 4355 catenis]
563 4287 683 4338 ἁλύσεσιν
701 4287 867 4348 πλακείσαις.

409 4375 469 4440 167)
500 4375 652 4431 Invenitne
682 4375 911 4449 dittographiam
939 4378 1059 4449 agentes
1085 4378 1115 4444 †
1141 4376 1237 4446 gentis
1271 4378 1300 4434 et
1330 4375 1427 4446 gentis
1457 4374 1487 4430 in

316 4471 410 4526 κρεῖον
430 4465 536 4522 vert't?
