3410 5104
853 494 1027 559 ,36-

352 707 578 796 Ἐρεχθείδαις
626 710 701 774 435.
726 712 839 774 καὶτὸ
862 713 915 775 τὸν
938 707 1141 788 onmvbv127)
1171 711 1266 794 ἀροῦν
1298 709 1448 793 ἀσφαλῶς
1471 713 1529 792 τὴν

355 818 469 882 ἑαυτοῦ
491 816 677 902 Κρομυῶνα.
725 817 800 880 438.
826 817 847 900 ή
872 817 1026 901 Κηφισιάς
1048 816 1149 902 χώρα.
1197 818 1272 880 440.
1297 817 1445 881 πέπτωκε
1468 818 1527 878 κά·

355 933 455 1000 κεῖνος
490 935 600 1000 κακῶς
633 931 672 1006 τῇ
709 924 771 1008 ἰδίᾳ
795 921 840 1005 [=
869 922 946 1005 suis]
982 923 1070 1008 ῥώμη
1104 925 1315 1010 χρησάμενος.
1362 923 1437 988 443.
1474 918 1532 987 ἀπ’

352 1027 540 1115 Ἀλκαθόης
574 1033 616 1106 εἰς
646 1035 700 1107 τὰς
732 1030 862 1115 Λεγείας
873 1028 927 1110 128)
959 1030 1073 1107 πόλεις.
1121 1032 1195 1094 449.
1226 1028 1471 1111 faeta—annos]
1496 1030 1530 1092 αἱ

354 1140 505 1222 ἀριστεῖαι
538 1148 599 1203 τῶν
629 1140 706 1203 ἐτῶν
743 1137 957 1223 ὑπερέχουσιν.
1007 1140 1081 1202 452.
1117 1137 1218 1221 regia]
1253 1135 1344 1224 χώρα
1368 1177 1401 1196 =
1425 1138 1526 1221 regio.

355 1241 467 1328 45345.
493 1246 576 1310 ἀλλά
599 1248 659 1330 γὰρ
684 1247 780 1321 ὄντως
804 1246 862 1308 ούκ
887 1247 968 1308 ἔστιν
991 1248 1056 1330 ήτις
1079 1254 1140 1310 τῶν
1161 1246 1282 1330 ἡδονῶν
1305 1247 1370 1309 ἐστι
1386 1245 1528 1329 καθαρά,

354 1351 437 1415 ἀλλά
467 1374 496 1416 τι
530 1355 585 1416 καὶ
616 1352 778 1437 δύσθυμον
813 1362 876 1427 τοῖς
908 1361 1049 1436 τερπνοῖς
1086 1352 1326 1438 συνεισέρχεται.
1373 1351 1436 1416 Καὶ
1465 1354 1532 1435 γάρ

354 1458 467 1543 Αἰγεύς
489 1459 558 1523 κτλ.
605 1457 680 1520 460.
705 1460 776 1521 όποι
798 1458 832 1522 τὲ
854 1459 882 1521 οἱ
906 1457 1042 1542 ἀνὲωγεν
1072 1461 1199 1536 εἴσοδος.
1246 1460 1321 1522 461.
1339 1459 1529 1542 Astypaleia

354 1565 467 1649 regna]
506 1567 564 1648 τήν
602 1561 848 1632 Ἀστυπαλαίαν.
899 1565 973 1629 462.
1014 1564 1422 1650 promissis—Astypaleia]
1463 1586 1526 1628 om.

353 1673 429 1737 463.
455 1668 582 1756 Cimoli]
611 1681 666 1735 τοῦ
690 1671 834 1756 Τμώλου.
881 1674 956 1736 464.
990 1675 1044 1736 καί
1066 1676 1121 1756 τήν
1153 1670 1321 1754 πολυανθή
1346 1672 1449 1757 Τύρον
1471 1671 1531 1734 καί

354 1779 484 1863 Κύπρον
508 1778 564 1843 καί
588 1780 645 1863 τήν
670 1779 792 1862 όμαλήν
814 1779 955 1864 Σέριφον.
1003 1777 1114 1864 46547.
1139 1783 1193 1844 καί
1214 1783 1268 1864 τήν
1285 1779 1530 1865 μαρμαρόεσσαν

353 1886 460 1970 Πάρον
483 1885 538 1949 καί
562 1887 602 1969 ήν
625 1887 645 1970 ή
668 1886 752 1969 δεινή
769 1885 894 1962 Σιθονίς
913 1887 1092 1972 προύδωκεν
1108 1883 1228 1970 Ἀρνιν,
1246 1889 1361 1972 χρυσὸν
1377 1886 1530 1971 λαβοῦσα,

353 1995 388 2057 ὃν
411 1993 432 2075 ἡ
458 1992 650 2077 φιλάργυρος
673 1995 776 2076 ήτησε
799 1995 853 2056 καὶ
875 1995 917 2070 εἰς
937 1996 1018 2078 ὄρνιν
1035 1993 1276 2078 μετεμορφώθη·
1294 1996 1348 2057 καί
1364 2003 1416 2058 νῶν
1434 1992 1533 2057 εἰσέτι-

354 2099 438 2182 φιλεῖ
469 2101 520 2163 τὸν
555 2102 681 2184 χρυσὸν.
733 2100 807 2162 468.
839 2101 1012 2163 monedula
1041 2121 1102 2163 om.
1150 2098 1224 2164 469.
1262 2096 1332 2164 ἀλλ’
1367 2102 1436 2185 οὐχί
1471 2103 1529 2163 καί

352 2203 503 2291 Ὠλέαρος
537 2209 589 2270 καί
626 2204 742 2291 Διδύμη
778 2209 833 2271 καί
867 2205 966 2291 Τῆνος
998 2209 1053 2270 καί
1083 2204 1224 2292 Ἀνδρος.
1272 2204 1384 2291 47546.
1420 2205 1531 2292 συῤῥεῑ

353 2313 453 2378 τοίνυν
488 2316 522 2377 τὸ
557 2313 682 2398 πλῆθος
717 2313 769 2393 (ού
797 2316 859 2398 γὰρ
885 2314 988 2398 ὀλίγον
1011 2312 1061 2397 ἧν)
1097 2316 1194 2399 ἀνδρα
1227 2323 1342 2398 γνῶναι
1375 2315 1528 2397 τοσαύτης

354 2420 469 2505 φήμης.
516 2420 671 2504 Προσίασι
694 2421 764 2484 κτλ.
811 2421 886 2484 483.
912 2443 986 2504 pars
1011 2419 1064 2502 sis]
1089 2421 1276 2507 προσόμοιος
1298 2423 1376 2486 ἴσθι.
1415 2421 1529 2484 4845

353 2521 539 2612 Ἀσωπίδης.
587 2529 699 2610 48546.
733 2529 806 2591 ούδὲ
840 2531 902 2612 γάρ
939 2528 1019 2612 ἄλλη
1054 2550 1099 2605 τις
1133 2539 1173 2612 γη
1208 2531 1303 2612 τῆσδε
1335 2538 1392 2612 τῆς
1419 2527 1529 2613 χώρας
1597 2573 1599 2579 .
1660 2553 1661 2576 ι

356 2636 474 2720 μᾶλλον
497 2644 560 2710 τοῖς
588 2634 800 2718 Κεκροπίδαις
823 2646 987 2720 συνῆπται.
1033 2635 1104 2699 Είσί
1132 2639 1193 2721 γὰρ
1220 2637 1292 2720 ἡμῖν
1320 2638 1398 2719 πρός
1427 2633 1527 2717 ἀλλή-

353 2743 425 2818 λους
460 2741 630 2826 ὁμολογίαι.
689 2744 764 2806 499.
806 2745 868 2807 κάν
902 2753 940 2826 τῇ
976 2740 1071 2827 δεξιᾷ.
1124 2743 1198 2807 500.
1233 2738 1352 2826 Buten]
1387 2741 1527 2825 Βούψην.

355 2847 467 2928 50142.
493 2848 560 2912 ἐπεὶ
584 2844 613 2911 δ’
629 2851 671 2924 εἰς
687 2852 799 2914 ταύτδν
816 2848 964 2926 ἐλθόντες
988 2860 1104 2934 πρῶτοι
1127 2851 1198 2926 τοὺς
1223 2851 1341 2914 ἑαυτῶν
1365 2849 1476 2933 λόγους
1497 2849 1529 2911 οί
1577 2931 1579 2938 Ι

353 2955 545 3040 Κεκροπίδαι
580 2955 797 3040 προήνεγκαν,
832 2957 848 3019 ό
883 2955 1027 3039 Κέφαλος
1068 2957 1136 3020 κτλ.
1203 2958 1266 3021 509
1302 2979 1369 3040 sqq.
1408 2955 1526 3039 λέγετε.

352 3063 416 3126 Καὶ
439 3073 528 3126 πάσα
550 3071 611 3126 τῶν
635 3065 703 3147 ἐμοί
727 3063 907 3146 προσόντων
930 3063 951 3146 ή
976 3075 1085 3148 κτῆσις
1109 3065 1166 3148 ήδε
1189 3067 1244 3128 σὺν
1260 3065 1330 3147 ύμῖν
1345 3065 1409 3126 ἴτω.
1454 3062 1528 3137 Τοῖς

245 3164 247 3168 ’
353 3171 440 3245 θεοῖς
467 3170 571 3254 χάρις·
601 3172 711 3253 καιρός
740 3170 894 3254 εύδαίμων
923 3173 975 3233 καί
1004 3171 1222 3255 ἀπαραίτητος.
1270 3169 1438 3253 Δυνάμεων
1466 3170 1527 3233 οὐκ

353 3279 435 3341 ἔστιν
454 3277 528 3361 ἡμῖν
545 3278 658 3341 ἔνδεια·
682 3277 812 3361 εὐθηνεῖ
825 3278 887 3361 γάρ
905 3299 955 3359 μοι
977 3281 1108 3361 στρατὸς
1124 3279 1177 3340 καί
1197 3279 1275 3361 πρδς
1290 3280 1361 3352 τοὺς
1377 3275 1529 3360 ἐχθρούς.

353 3379 440 3447 Ἀλλ’
465 3386 546 3447 ούτω
568 3379 598 3467 γ’
614 3385 662 3467 εἴη
687 3384 757 3448 κτλ.
797 3384 869 3446 513.
887 3385 982 3448 modo
1008 3407 1070 3448 om.
1104 3385 1237 3466 519420.
1263 3385 1332 3448 εἴθε
1356 3382 1527 3464 δυνηθείην

353 3488 468 3573 ταύτης
491 3488 523 3555 έν
547 3493 617 3576 ύμῖν
644 3491 868 3576 μνημονεύσαιί
898 3491 978 3576 Δίχα
1002 3489 1035 3555 δέ
1058 3513 1138 3567 τινος
1161 3492 1324 3577 προοιμίου
1340 3491 1454 3574 ταύτην
1471 3499 1526 3553 νύν

353 3597 564 3682 ἀναλήψομαι,
602 3608 656 3662 τοῦ
689 3601 729 3682 μή
762 3605 913 3682 περιττοῖς
946 3601 1027 3684 ὑμᾶς
1054 3600 1157 3683 λόγοις
1186 3599 1320 3684 ἐπέχειν.
1368 3600 1441 3661 522.
1467 3593 1527 3676 illi]

351 3713 534 3789 τηνικαῦτα.
584 3706 657 3767 527.
684 3700 755 3768 ἀλλ’
777 3703 798 3787 ή
821 3706 930 3789 φθορά
954 3716 1007 3790 τής
1031 3706 1212 3789 ἐπικουρίας
1241 3704 1434 3789 περιεγένετο
1470 3704 1525 3766 καί

352 3813 397 3875 ότι
431 3811 507 3874 ποτέ
541 3813 620 3894 πρὸς
654 3809 807 3894 βοήθειαν
842 3813 881 3893 ήν
916 3811 1091 3897 ἡττώμενον
1128 3815 1239 3875 ἔκειτο.
1288 3811 1362 3875 530.
1396 3807 1524 3889 iunctis]

352 3917 511 4002 πλήρεσιν.
568 3919 641 3980 536.
680 3915 863 4003 oviumque]
908 3921 962 3983 καί
995 3919 1140 4002 ὀρνίθων.
1197 3921 1271 3982 544.
1308 3915 1524 3998 leto—inerti]

357 4031 463 4109 μακρᾷ
485 4024 678 4110 θανούμενος
702 4027 806 4111 ἀργίᾳ.
851 4029 924 4089 546.
950 4026 1086 4090 fortibus
1110 4048 1171 4089 om.
1214 4028 1287 4089 547.
1312 4027 1437 4110 viisque
1461 4045 1522 4088 om.

446 4273 507 4339 127)
527 4272 567 4328 Cf.
587 4287 653 4328 ann.
673 4276 698 4328 6.
1039 4296 1040 4300 ’

445 4364 506 4426 128)
525 4361 582 4416 Sed
601 4363 679 4420 recte
700 4361 764 4416 VIII
784 4365 813 4416 6:
833 4364 879 4428 τήν
898 4367 948 4413 τῶν
967 4363 1090 4429 Λελέγων
1107 4362 1246 4426 παραλίαν.
