3410 5104
736 518 914 583 -69-

233 735 431 821 ’βραχύτατος
445 730 570 820 Ἀλβὼν
586 736 639 798 καί
655 735 671 799 ό
688 731 758 818 Νάρ
777 729 862 820 αύτῷ
874 732 1084 819 προσήγαγον
1099 731 1221 819 δεήσεις
1228 733 1283 816 ³[=
1298 742 1410 820 prse'es

234 869 271 891 =
284 831 453 926 praeceps]
477 845 532 906 καί
555 843 572 906 ό
595 845 630 906 τὸ
650 843 736 926 ὕδωρ
757 842 931 918 κατάσκιος
946 841 1133 926 Φάρφαρος,
1158 844 1232 905 όσοιι
1254 863 1289 905 τε
1313 841 1409 906 ἄλλαι

231 944 366 1033 ’Νύμφαι
400 951 456 1033 τὴν
486 948 618 1032 ἀλσώδη
647 957 705 1032 της
733 945 902 1032 Σκυθικῆς
930 939 1118 1033 Ἀρτέμιδος
1146 947 1259 1032 λίμνην
1287 950 1408 1013 οἰκοῦσι

231 1057 291 1118 καί
315 1058 386 1134 τούς
409 1057 640 1142 ἀγχιτέρμονας
663 1057 819 1133 λάκκους;
845 1051 957 1140 33415.
982 1056 1022 1139 ἣν
1046 1057 1079 1121 ἐν
1102 1064 1146 1140 τῷ
1169 1065 1224 1120 τοῦ
1247 1055 1407 1120 Παλατίου

231 1164 311 1226 ποτὲ
351 1163 439 1248 λόφῳ
472 1166 493 1249 ἡ
521 1161 659 1228 Βεναλία
693 1163 818 1246 λέγεται
852 1172 897 1249 τῷ
932 1162 1125 1248 διπροσιύπῳ
1163 1172 1267 1227 τεκεῖν
1301 1158 1406 1247 Ἰανῷ.

235 1269 310 1332 346.
334 1269 440 1356 Κίρκη
465 1271 539 1335 add.
587 1270 661 1336 348.
679 1277 714 1334 τὸ
729 1271 884 1356 Κιρκαῖον
901 1273 1025 1355 ἄντρον.
1073 1270 1148 1334 350.
1165 1272 1202 1346 ἃς
1220 1271 1407 1350 συνελέξατο

230 1376 324 1453 πόας.
372 1377 437 1442 353
462 1399 546 1463 sqq.:
583 1379 737 1464 πεποίηκε
773 1378 877 1464 μέντοι
903 1379 948 1463 μὴ
977 1377 1041 1442 οϊόν
1068 1371 1102 1440 τ’
1124 1379 1203 1440 είναι
1230 1380 1283 1442 τόν
1310 1379 1406 1444 ἵππου

223 1480 350 1568 ιδρόμον
374 1485 571 1570 προβαίνειν·
619 1481 683 1548 Καὶ
716 1482 786 1549 Οὐκ
819 1487 857 1550 άν
886 1477 1042 1568 ἐκφύγοις,
1068 1481 1218 1569 ἀλιτήριε,
1245 1503 1405 1571 καταγοη-

234 1591 367 1668 τευύείς,
393 1593 489 1669 εἶπεν,
515 1593 542 1657 εί
556 1594 612 1656 καὶ
636 1594 697 1656 ὑπό
713 1594 891 1678 πνεύματος
908 1591 1094 1677 ἁρπαγείης,
1111 1591 1204 1678 μόνον
1220 1593 1248 1656 εί
1263 1594 1405 1678 ἐμαυτὴν

233 1697 312 1776 οἶδα,
342 1700 369 1763 εἰ
398 1701 439 1784 μὴ
467 1711 559 1764 πᾶσα
591 1702 652 1763 τῶν
681 1700 821 1788 βοτανῶν
849 1699 1006 1784 ἔφθαρται
1040 1699 1177 1784 δύναμις,
1206 1699 1260 1763 καί
1294 1721 1332 1785 με
1360 1701 1403 1784 μὴ

229 1805 398 1886 ψεύδουσιν
422 1809 455 1870 αἱ
483 1807 622 1892 ἐμαυτῆς
646 1803 773 1892 ἐπῳδαί.
820 1808 896 1871 361.
920 1813 969 1870 est
991 1825 1054 1870 om.
1101 1805 1176 1870 365.
1201 1809 1256 1870 ’καί
1278 1826 1403 1891 φαρμα-

232 1915 307 1988 κοὺς
330 1912 443 1997 λόγους
467 1913 560 1997 λέγει.
569 1911 624 1994 2²⁵)
671 1914 745 1980 371.
770 1912 799 1975 οἱ
814 1921 869 1976 τοῦ
884 1912 1036 1998 βασιλέως
1051 1921 1270 1996 περιφοιτῶσιν
1287 1913 1405 1996 ἑταῖροι

231 2021 287 2082 καί
312 2023 440 2084 ἄπεστιν
464 2019 485 2103 ἡ
511 2020 621 2085 τούτου
650 2020 831 2106 δορυφορία.
878 2019 953 2083 372.
979 2041 1088 2084 οοιιι.
1136 2019 1211 2083 377.
1239 2017 1404 2105 relinquit]

227 2125 449 2210 διεκρούσατο.
497 2128 572 2192 385
598 2126 675 2192 ἀλλ’
691 2127 864 2191 ἀνιαθεῖσα
888 2129 944 2191 καὶ
964 2128 1070 2212 ἐρωσα
1084 2130 1140 2192 καί
1154 2128 1235 2212 γυνὴ
1257 2125 1402 2212 ἡΚίρκη

230 2234 307 2296 ἐστί.
354 2235 429 2298 390.
453 2234 555 2298 Latiis
578 2233 677 2317 silvis]
703 2237 753 2299 ἐπί
776 2238 812 2299 τό
835 2235 957 2311 πλάτος
978 2243 1036 2318 τῆς
1056 2234 1184 2320 λόχμης.
1232 2233 1307 2300 396.
1332 2233 1405 2298 οὐδ’

230 2341 331 2404 ότιούν
366 2350 427 2406 τῶν
463 2343 605 2426 ἀρχαίων
651 2343 726 2407 400.
761 2339 896 2424 recludi]
933 2341 1136 2425 διαλυθῆναι.
1144 2339 1200 2421 2²⁶)
1258 2343 1334 2405 404
1371 2341 1404 2420 ἐξ

237 2444 381 2532 Ερὲβους
410 2451 464 2512 καί
495 2447 612 2526 Χάους.
660 2450 735 2512 406.
761 2450 874 2513 αὐτίκα
899 2447 989 2528 δ’ξ
956 2445 1132 2532 ἑξανεδόθη
1168 2447 1290 2534 λόχμης
1322 2447 1403 2533 ἦχός

229 2575 273 2629 τις
309 2555 501 2639 θαυμαστός.
549 2557 623 2620 408.
661 2555 868 2639 maduerunt]
902 2555 1080 2640 ἐφοινίχθη.
1127 2557 1202 2618 411.
1237 2551 1401 2638 silentum]

230 2660 369 2726 ἐδόκουν.
441 2665 516 2726 412.
560 2663 711 2726 monstris
751 2683 813 2727 om.
878 2659 1039 2748 paventis]
1079 2661 1399 2746 καταπληττομένων.

227 2769 301 2831 416.
328 2767 501 2854 sparserat]
519 2770 683 2834 ἐπιπίπτει.
732 2767 895 2834 Tartessia
908 2766 1016 2851 litora]
1033 2779 1097 2845 τοῖς
1113 2767 1282 2854 Τεμψαίοις
1299 2770 1399 2854 αἰγια-

138 2923 141 2929 -
224 2875 300 2953 λοῒς.
349 2878 425 2941 417.
450 2877 570 2941 frustra
598 2899 659 2940 om.
707 2879 782 2941 421.
807 2897 870 2962 qus
894 2897 956 2942 om.
1004 2878 1078 2940 422.
1115 2879 1151 2940 τό
1185 2877 1304 2953 πλάτος
1337 2886 1400 2941 τῶν

229 2984 343 3068 ἀγρῶν.
391 2986 466 3047 427.
491 2985 547 3047 καί
574 2985 626 3048 ἐπὶ
652 2993 710 3066 τῆς
737 2985 864 3070 ψυχρᾶς
891 2983 995 3070 ὄχθης
1017 2984 1214 3048 καταθεῖσαν
1236 2985 1272 3048 τό
1298 2993 1398 3068 σῶμα.

229 3093 293 3154 428
319 3112 402 3176 sqq.:
428 3092 496 3155 ἐκεῖ
517 3093 617 3156 τοίνυν
639 3093 660 3177 η
688 3092 790 3177 συχνὴ
820 3091 935 3178 [ἡσυχῆ
961 3097 1073 3177 tempt.
1102 3087 1218 3176 Boias]
1241 3090 1399 3155 κλαίουσα

226 3197 284 3279 τὴν
308 3198 434 3281 ὀδύνην,
462 3200 643 3282 πραύνοντα
673 3202 730 3262 σὺν
759 3199 896 3283 δάκρυσι
923 3198 1060 3284 κατέχεε
1089 3197 1228 3283 ῥήματα,
1257 3200 1299 3274 ὥς
1322 3218 1399 3262 ποτε

224 3306 282 3366 καί
306 3305 422 3381 κύκνος
445 3305 546 3369 πάλαι
570 3307 625 3390 μὲν
651 3307 744 3389 ᾠδὰς,
768 3307 833 3390 ἤδη
862 3301 896 3370 δὲ
925 3305 1082 3390 θνήσκων
1109 3308 1150 3370 τά
1177 3313 1234 3388 τῆς
1262 3307 1400 3391 ἐκφορᾶς

223 3411 304 3493 ’ᾄδει
362 3411 437 3477 434.
475 3420 601 3476 veteres
630 3463 636 3476 .
661 3463 667 3476 .
693 3410 869 3494 Camenae]
910 3413 938 3477 οἱ
972 3422 1034 3478 τῶν
1073 3414 1248 3498 οἰκητόρων
1282 3411 1398 3476 παλαι-

221 3519 412 3604 γενέστεροι.
461 3521 535 3586 435.
568 3517 775 3605 Ἀχαιμενίδη
801 3521 872 3584 sd'd.
921 3523 995 3585 442.
1017 3521 1068 3586 ἐπὶ
1084 3519 1203 3605 στήλης
1227 3522 1397 3606 μαρμάρου

226 3625 382 3710 ἐπίσημον
416 3629 509 3712 ίσχεν
546 3627 739 3712 ἐπίγραμμα.
791 3623 903 3712 443s4.
926 3625 1010 3691 Ὧδέ
1035 3641 1074 3714 με
1098 3626 1238 3710 Καιὲτην
1272 3630 1395 3712 τροφόν,

221 3726 413 3815 Ἀργολικοῦ
423 3739 522 3818 πυρός
535 3737 620 3819 ἄρας,
634 3730 637 3818 ]
649 3735 790 3821 Εύσεβὲς
801 3733 921 3813 Αἰνεία,
934 3741 978 3820 τῷ
990 3734 1183 3820 όφειλομένῳ
1196 3735 1270 3819 πυρί
1279 3743 1397 3810 καύσες

224 3837 374 3918 [καύσαις
390 3839 483 3922 cod]
531 3843 606 3906 445.
631 3841 764 3927 aggere]
782 3841 940 3928 βόλῳ327)
987 3844 1061 3907 448.
1084 3841 1180 3923 flava]
1197 3839 1396 3925 ξανθήνῖἳῧ)

245 4059 247 4070 ¹
283 4055 285 4058 ·
312 4033 375 4092 2151
393 4057 429 4080 =
447 4037 587 4103 venefica,
606 4035 641 4090 ef.
661 4035 715 4090 Vll
735 4038 788 4091 316
808 4035 949 4104 venefica]
967 4039 986 4103 'l
1005 4039 1147 4102 φαρμακίς.

312 4122 376 4190 226)
395 4148 428 4166 =
448 4124 565 4192 resolvi,
579 4123 614 4180 cf.
628 4139 694 4179 ann.
712 4129 770 4194 141,
784 4139 852 4182 cum
864 4125 1016 4181 recludere
1027 4125 1059 4180 in
1073 4128 1195 4194 ἀνοίγειν,
1214 4124 1250 4180 cf.
1265 4123 1320 4179 Vll
1335 4127 1395 4190 285,

220 4207 288 4265 xlv
304 4214 364 4280 776,
383 4216 432 4268 781
453 4217 482 4269 et
500 4215 530 4269 iu
551 4215 756 4266 ἀναπεταννόναι
775 4216 811 4271 ul.
832 4215 885 4271 Vll
902 4219 952 4273 647
973 4216 1077 4271 vertat.

251 4339 260 4358 ,-
282 4339 284 4344 -
312 4303 376 4360 2271
395 4303 470 4370 βώλῳ
489 4305 703 4361 emendandum
724 4309 776 4362 est.

313 4391 377 4457 228)
399 4391 501 4447 Utrum
536 4393 614 4449 flava
647 4409 683 4450 an
715 4395 797 4451 fulva
827 4396 983 4466 invenerit,
1014 4397 1077 4452 erui
1107 4410 1165 4452 non
1192 4397 1296 4466 potest,
1326 4395 1394 4463 qnia
