<?xml version="1.0" encoding="UTF-8"?>
<!DOCTYPE html PUBLIC "-//W3C//DTD XHTML 1.0 Transitional//EN"
    "http://www.w3.org/TR/xhtml1/DTD/xhtml1-transitional.dtd">
<html xmlns="http://www.w3.org/1999/xhtml" xml:lang="en" lang="en">
 <head>
  <title>
</title>
<meta http-equiv="Content-Type" content="text/html;charset=utf-8" />
  <meta name='ocr-system' content='tesseract 3.04.00' />
  <meta name='ocr-capabilities' content='ocr_page ocr_carea ocr_par ocr_line ocrx_word'/>
</head>
<body>
  <div class='ocr_page' id='page_1' title='image "./demetamorphoseo00mlgoog_0072.png"; bbox 0 0 3410 5104; ppageno 0'>
   <div class='ocr_carea' id='block_1_1' title="bbox 719 585 892 648">
    <p class='ocr_par' dir='ltr' id='par_1_1' title="bbox 719 585 892 648">
     <span class='ocr_line' id='line_1_1' title="bbox 719 585 892 648; baseline 0 -18"><span class='ocrx_word' id='word_1_1' title='bbox 719 585 892 648; x_wconf 76' lang='grc'>...63-</span> 
     </span>
    </p>
   </div>
   <div class='ocr_carea' id='block_1_2' title="bbox 152 797 1392 3785">
    <p class='ocr_par' dir='ltr' id='par_1_2' title="bbox 152 797 1392 3785">
     <span class='ocr_line' id='line_1_2' title="bbox 220 797 1390 885; baseline 0.003 -23"><span class='ocrx_word' id='word_1_2' title='bbox 220 799 272 863; x_wconf 88' lang='grc'>35.</span> <span class='ocrx_word' id='word_1_3' title='bbox 299 797 366 881; x_wconf 91' lang='lat' dir='ltr'>ille]</span> <span class='ocrx_word' id='word_1_4' title='bbox 391 801 424 864; x_wconf 89' lang='grc' dir='ltr'>ἐν</span> <span class='ocrx_word' id='word_1_5' title='bbox 446 802 558 877; x_wconf 84' lang='grc' dir='ltr'>αὐτοῖς.</span> <span class='ocrx_word' id='word_1_6' title='bbox 607 802 659 864; x_wconf 88' lang='lat'>38.</span> <span class='ocrx_word' id='word_1_7' title='bbox 685 801 786 885; x_wconf 84' lang='grc' dir='ltr'>ἑαυτῷ</span> <span class='ocrx_word' id='word_1_8' title='bbox 811 797 838 864; x_wconf 86' lang='grc' dir='ltr'>δ’</span> <span class='ocrx_word' id='word_1_9' title='bbox 861 799 1147 877; x_wconf 89' lang='grc' dir='ltr'>ἀλυσιτελέστατος.</span> <span class='ocrx_word' id='word_1_10' title='bbox 1195 802 1246 864; x_wconf 92' lang='grc'>40.</span> <span class='ocrx_word' id='word_1_11' title='bbox 1271 800 1336 866; x_wconf 87' lang='grc' dir='ltr'>Νῦν</span> <span class='ocrx_word' id='word_1_12' title='bbox 1352 801 1390 883; x_wconf 76' lang='grc' dir='ltr'>δὴ</span> 
     </span>
     <span class='ocr_line' id='line_1_3' title="bbox 219 906 1389 992; baseline -0.002 -21"><span class='ocrx_word' id='word_1_13' title='bbox 219 907 341 992; x_wconf 83' lang='grc' dir='ltr'>λαβέτω</span> <span class='ocrx_word' id='word_1_14' title='bbox 364 910 403 971; x_wconf 87' lang='grc' dir='ltr'>τά</span> <span class='ocrx_word' id='word_1_15' title='bbox 426 906 580 971; x_wconf 83' lang='grc' dir='ltr'>κάλλιστα</span> <span class='ocrx_word' id='word_1_16' title='bbox 610 917 672 972; x_wconf 89' lang='grc' dir='ltr'>τῶν</span> <span class='ocrx_word' id='word_1_17' title='bbox 701 907 805 972; x_wconf 81' lang='grc' dir='ltr'>ὅπλων</span> <span class='ocrx_word' id='word_1_18' title='bbox 836 909 852 972; x_wconf 86' lang='grc' dir='ltr'>ὁ</span> <span class='ocrx_word' id='word_1_19' title='bbox 877 910 917 992; x_wconf 85' lang='grc' dir='ltr'>μὴ</span> <span class='ocrx_word' id='word_1_20' title='bbox 941 908 1127 992; x_wconf 82' lang='grc' dir='ltr'>ἀνεχόμενος</span> <span class='ocrx_word' id='word_1_21' title='bbox 1149 909 1253 972; x_wconf 85' lang='grc' dir='ltr'>ἐκεῖνα</span> <span class='ocrx_word' id='word_1_22' title='bbox 1276 908 1389 992; x_wconf 82' lang='grc' dir='ltr'>λαβεῖν.</span> 
     </span>
     <span class='ocr_line' id='line_1_4' title="bbox 220 1012 1392 1101; baseline 0.003 -26"><span class='ocrx_word' id='word_1_23' title='bbox 220 1014 272 1077; x_wconf 88' lang='grc'>43.</span> <span class='ocrx_word' id='word_1_24' title='bbox 299 1012 405 1099; x_wconf 85' lang='lat' dir='ltr'>atque]</span> <span class='ocrx_word' id='word_1_25' title='bbox 440 1016 523 1080; x_wconf 84' lang='grc' dir='ltr'>ἀλλὰ</span> <span class='ocrx_word' id='word_1_26' title='bbox 545 1017 614 1101; x_wconf 94' lang='grc' dir='ltr'>γάρ.</span> <span class='ocrx_word' id='word_1_27' title='bbox 662 1015 714 1079; x_wconf 87' lang='grc'>48.</span> <span class='ocrx_word' id='word_1_28' title='bbox 746 1025 800 1079; x_wconf 83' lang='grc' dir='ltr'>τοῦ</span> <span class='ocrx_word' id='word_1_29' title='bbox 824 1013 1026 1100; x_wconf 85' lang='grc' dir='ltr'>Λαερτιάδου.</span> <span class='ocrx_word' id='word_1_30' title='bbox 1074 1017 1126 1078; x_wconf 89' lang='grc'>49.</span> <span class='ocrx_word' id='word_1_31' title='bbox 1151 1037 1212 1080; x_wconf 91' lang='lat' dir='ltr'>om.</span> <span class='ocrx_word' id='word_1_32' title='bbox 1261 1017 1310 1078; x_wconf 85' lang='lat'>51.</span> <span class='ocrx_word' id='word_1_33' title='bbox 1337 1015 1392 1078; x_wconf 86' lang='lat' dir='ltr'>ille</span> 
     </span>
     <span class='ocr_line' id='line_1_5' title="bbox 219 1118 1391 1207; baseline 0.001 -22"><span class='ocrx_word' id='word_1_34' title='bbox 219 1143 280 1185; x_wconf 95' lang='lat' dir='ltr'>om.</span> <span class='ocrx_word' id='word_1_35' title='bbox 338 1123 389 1186; x_wconf 84' lang='lat'>53.</span> <span class='ocrx_word' id='word_1_36' title='bbox 421 1118 624 1206; x_wconf 80' lang='lat' dir='ltr'>velaturque]</span> <span class='ocrx_word' id='word_1_37' title='bbox 668 1122 806 1207; x_wconf 85' lang='grc' dir='ltr'>θηρεύει.</span> <span class='ocrx_word' id='word_1_38' title='bbox 863 1125 914 1185; x_wconf 89' lang='grc'>55.</span> <span class='ocrx_word' id='word_1_39' title='bbox 945 1121 1120 1203; x_wconf 78' lang='lat' dir='ltr'>comitavit]</span> <span class='ocrx_word' id='word_1_40' title='bbox 1162 1133 1304 1186; x_wconf 81' lang='grc' dir='ltr'>κοινωνεῖ</span> <span class='ocrx_word' id='word_1_41' title='bbox 1337 1132 1391 1206; x_wconf 84' lang='grc' dir='ltr'>τῆς</span> 
     </span>
     <span class='ocr_line' id='line_1_6' title="bbox 218 1227 1390 1313; baseline -0.003 -20"><span class='ocrx_word' id='word_1_42' title='bbox 218 1229 301 1293; x_wconf 81' lang='grc' dir='ltr'>ὁδοῦ.</span> <span class='ocrx_word' id='word_1_43' title='bbox 349 1232 400 1292; x_wconf 98' lang='grc'>56.</span> <span class='ocrx_word' id='word_1_44' title='bbox 427 1227 545 1311; x_wconf 88' lang='lat' dir='ltr'>mallet]</span> <span class='ocrx_word' id='word_1_45' title='bbox 563 1230 679 1313; x_wconf 85' lang='grc' dir='ltr'>ηὔξατο</span> <span class='ocrx_word' id='word_1_46' title='bbox 701 1227 811 1308; x_wconf 54' lang='lat' dir='ltr'>dum)</span> <span class='ocrx_word' id='word_1_47' title='bbox 860 1231 911 1293; x_wconf 83' lang='lat'>59.</span> <span class='ocrx_word' id='word_1_48' title='bbox 928 1232 968 1293; x_wconf 87' lang='grc' dir='ltr'>τά</span> <span class='ocrx_word' id='word_1_49' title='bbox 982 1239 1044 1293; x_wconf 89' lang='grc' dir='ltr'>τῶν</span> <span class='ocrx_word' id='word_1_50' title='bbox 1061 1229 1194 1294; x_wconf 83' lang='grc' dir='ltr'>Δαναῶν</span> <span class='ocrx_word' id='word_1_51' title='bbox 1210 1230 1390 1313; x_wconf 89' lang='grc' dir='ltr'>πράγματα.</span> 
     </span>
     <span class='ocr_line' id='line_1_7' title="bbox 220 1333 1392 1421; baseline 0.001 -22"><span class='ocrx_word' id='word_1_52' title='bbox 220 1336 270 1399; x_wconf 79' lang='grc'>65.</span> <span class='ocrx_word' id='word_1_53' title='bbox 296 1337 351 1421; x_wconf 88' lang='lat' dir='ltr'>qui</span> <span class='ocrx_word' id='word_1_54' title='bbox 376 1358 447 1399; x_wconf 87' lang='lat' dir='ltr'>eum</span> <span class='ocrx_word' id='word_1_55' title='bbox 471 1335 670 1421; x_wconf 80' lang='lat' dir='ltr'>imploraret]</span> <span class='ocrx_word' id='word_1_56' title='bbox 695 1338 728 1412; x_wconf 83' lang='grc' dir='ltr'>ὃς</span> <span class='ocrx_word' id='word_1_57' title='bbox 752 1335 990 1419; x_wconf 80' lang='grc' dir='ltr'>ἀποσαοπήσας.</span> <span class='ocrx_word' id='word_1_58' title='bbox 1038 1333 1127 1415; x_wconf 59' lang='grc'>6778.</span> <span class='ocrx_word' id='word_1_59' title='bbox 1148 1337 1265 1419; x_wconf 86' lang='grc' dir='ltr'>ταύτην</span> <span class='ocrx_word' id='word_1_60' title='bbox 1289 1337 1316 1400; x_wconf 79' lang='grc' dir='ltr'>δ’</span> <span class='ocrx_word' id='word_1_61' title='bbox 1334 1338 1392 1400; x_wconf 77' lang='grc' dir='ltr'>οὐκ</span> 
     </span>
     <span class='ocr_line' id='line_1_8' title="bbox 218 1439 1390 1530; baseline 0 -23"><span class='ocrx_word' id='word_1_62' title='bbox 218 1441 272 1507; x_wconf 87' lang='grc' dir='ltr'>ἀπ’</span> <span class='ocrx_word' id='word_1_63' title='bbox 295 1445 429 1529; x_wconf 82' lang='grc' dir='ltr'>ἐμαυτοῦ</span> <span class='ocrx_word' id='word_1_64' title='bbox 461 1446 516 1526; x_wconf 82' lang='grc' dir='ltr'>τὴν</span> <span class='ocrx_word' id='word_1_65' title='bbox 548 1445 739 1529; x_wconf 82' lang='grc' dir='ltr'>κατηγορίαν</span> <span class='ocrx_word' id='word_1_66' title='bbox 773 1445 958 1530; x_wconf 88' lang='grc' dir='ltr'>συντίθημι·</span> <span class='ocrx_word' id='word_1_67' title='bbox 996 1444 1150 1509; x_wconf 78' lang='grc' dir='ltr'>κάλλιστα</span> <span class='ocrx_word' id='word_1_68' title='bbox 1173 1439 1265 1508; x_wconf 84' lang='grc' dir='ltr'>τοῦθ’</span> <span class='ocrx_word' id='word_1_69' title='bbox 1288 1445 1304 1507; x_wconf 86' lang='grc' dir='ltr'><strong>ὁ</strong></span> <span class='ocrx_word' id='word_1_70' title='bbox 1329 1444 1390 1508; x_wconf 90' lang='grc' dir='ltr'>Τυ-</span> 
     </span>
     <span class='ocr_line' id='line_1_9' title="bbox 218 1549 1391 1637; baseline 0 -21"><span class='ocrx_word' id='word_1_71' title='bbox 218 1551 319 1636; x_wconf 85' lang='grc' dir='ltr'>δείδης</span> <span class='ocrx_word' id='word_1_72' title='bbox 354 1553 523 1617; x_wconf 89' lang='grc' dir='ltr'>ἐπίσταται.</span> <span class='ocrx_word' id='word_1_73' title='bbox 574 1550 661 1633; x_wconf 73' lang='grc'>71)·2.</span> <span class='ocrx_word' id='word_1_74' title='bbox 697 1553 847 1637; x_wconf 79' lang='grc' dir='ltr'>ἀπορήσει</span> <span class='ocrx_word' id='word_1_75' title='bbox 882 1562 934 1617; x_wconf 84' lang='grc' dir='ltr'>νῦν</span> <span class='ocrx_word' id='word_1_76' title='bbox 970 1552 1119 1637; x_wconf 73' lang='grc' dir='ltr'>βοηθείας</span> <span class='ocrx_word' id='word_1_77' title='bbox 1151 1555 1167 1616; x_wconf 80' lang='grc' dir='ltr'>ὁ</span> <span class='ocrx_word' id='word_1_78' title='bbox 1199 1555 1240 1637; x_wconf 78' lang='grc' dir='ltr'>μὴ</span> <span class='ocrx_word' id='word_1_79' title='bbox 1275 1549 1391 1637; x_wconf 81' lang='grc' dir='ltr'>ταύτην</span> 
     </span>
     <span class='ocr_line' id='line_1_10' title="bbox 220 1657 1389 1744; baseline -0.003 -20"><span class='ocrx_word' id='word_1_80' title='bbox 220 1658 336 1744; x_wconf 78' lang='grc' dir='ltr'>ὀρέξας,</span> <span class='ocrx_word' id='word_1_81' title='bbox 360 1659 415 1724; x_wconf 87' lang='grc' dir='ltr'>καί</span> <span class='ocrx_word' id='word_1_82' title='bbox 438 1662 492 1724; x_wconf 83' lang='grc' dir='ltr'>τὸν</span> <span class='ocrx_word' id='word_1_83' title='bbox 516 1662 591 1736; x_wconf 91' lang='grc' dir='ltr'>ίσον,</span> <span class='ocrx_word' id='word_1_84' title='bbox 616 1662 650 1724; x_wconf 84' lang='grc' dir='ltr'>ὃν</span> <span class='ocrx_word' id='word_1_85' title='bbox 680 1659 793 1744; x_wconf 83' lang='grc' dir='ltr'>τρόπον</span> <span class='ocrx_word' id='word_1_86' title='bbox 817 1657 1028 1744; x_wconf 78' lang='grc' dir='ltr'>ἐγκατέλιπεν,</span> <span class='ocrx_word' id='word_1_87' title='bbox 1053 1659 1389 1744; x_wconf 80' lang='grc' dir='ltr'>ἐγκαταλειφθίγοεται.</span> 
     </span>
     <span class='ocr_line' id='line_1_11' title="bbox 152 1761 1391 1852; baseline 0 -23"><span class='ocrx_word' id='word_1_88' title='bbox 152 1789 153 1792; x_wconf 64' lang='grc'>’</span> <span class='ocrx_word' id='word_1_89' title='bbox 220 1769 272 1830; x_wconf 92' lang='grc'>72.</span> <span class='ocrx_word' id='word_1_90' title='bbox 297 1777 406 1832; x_wconf 79' lang='grc' dir='ltr'>τοῦτον</span> <span class='ocrx_word' id='word_1_91' title='bbox 422 1771 482 1852; x_wconf 86' lang='grc' dir='ltr'>γάρ</span> <span class='ocrx_word' id='word_1_92' title='bbox 506 1765 606 1852; x_wconf 84' lang='grc' dir='ltr'>ἑαυτῷ</span> <span class='ocrx_word' id='word_1_93' title='bbox 630 1767 684 1831; x_wconf 81' lang='grc' dir='ltr'>τὸν</span> <span class='ocrx_word' id='word_1_94' title='bbox 700 1768 793 1850; x_wconf 82' lang='grc' dir='ltr'>νόμον</span> <span class='ocrx_word' id='word_1_95' title='bbox 809 1765 1046 1851; x_wconf 61' lang='grc' dir='ltr'>εἰσήνεγκεῖῑῖ)</span> <span class='ocrx_word' id='word_1_96' title='bbox 1095 1769 1146 1830; x_wconf 93' lang='grc'>74.</span> <span class='ocrx_word' id='word_1_97' title='bbox 1165 1761 1391 1851; x_wconf 87' lang='lat' dir='ltr'>trepidantem]</span> 
     </span>
     <span class='ocr_line' id='line_1_12' title="bbox 217 1869 1392 1961; baseline 0 -24"><span class='ocrx_word' id='word_1_98' title='bbox 217 1875 417 1961; x_wconf 82' lang='grc' dir='ltr'>φοβούμενον.</span> <span class='ocrx_word' id='word_1_99' title='bbox 466 1876 516 1937; x_wconf 90' lang='grc'>76.</span> <span class='ocrx_word' id='word_1_100' title='bbox 543 1871 875 1955; x_wconf 69' lang='lat' dir='ltr'>minimum-laudis]</span> <span class='ocrx_word' id='word_1_101' title='bbox 893 1875 1032 1938; x_wconf 82' lang='grc' dir='ltr'>ἐνταῦθα</span> <span class='ocrx_word' id='word_1_102' title='bbox 1055 1876 1092 1958; x_wconf 84' lang='grc' dir='ltr'>δη</span> <span class='ocrx_word' id='word_1_103' title='bbox 1109 1875 1146 1938; x_wconf 87' lang='grc' dir='ltr'>οὐ</span> <span class='ocrx_word' id='word_1_104' title='bbox 1161 1870 1247 1957; x_wconf 82' lang='lat' dir='ltr'>(add.</span> <span class='ocrx_word' id='word_1_105' title='bbox 1273 1869 1392 1956; x_wconf 72' lang='lat' dir='ltr'>Boiss]</span> 
     </span>
     <span class='ocr_line' id='line_1_13' title="bbox 216 1979 1390 2066; baseline -0.002 -20"><span class='ocrx_word' id='word_1_106' title='bbox 216 1984 252 2046; x_wconf 81' lang='grc' dir='ltr'>τὸ</span> <span class='ocrx_word' id='word_1_107' title='bbox 275 1982 420 2046; x_wconf 82' lang='grc' dir='ltr'>πλεῖστον</span> <span class='ocrx_word' id='word_1_108' title='bbox 453 1992 516 2047; x_wconf 93' lang='grc' dir='ltr'>τῶν</span> <span class='ocrx_word' id='word_1_109' title='bbox 550 1981 684 2046; x_wconf 88' lang='grc' dir='ltr'>ἐπαίνων</span> <span class='ocrx_word' id='word_1_110' title='bbox 718 1979 793 2046; x_wconf 88' lang='grc' dir='ltr'>ἐστί.</span> <span class='ocrx_word' id='word_1_111' title='bbox 842 1982 894 2044; x_wconf 92' lang='grc'>78.</span> <span class='ocrx_word' id='word_1_112' title='bbox 918 1979 1112 2066; x_wconf 87' lang='lat' dir='ltr'>vulnusque]</span> <span class='ocrx_word' id='word_1_113' title='bbox 1149 1983 1202 2045; x_wconf 82' lang='grc' dir='ltr'>καί</span> <span class='ocrx_word' id='word_1_114' title='bbox 1232 1984 1287 2065; x_wconf 83' lang='grc' dir='ltr'>τὴν</span> <span class='ocrx_word' id='word_1_115' title='bbox 1311 1981 1390 2065; x_wconf 81' lang='grc' dir='ltr'>ὄψιν.</span> 
     </span>
     <span class='ocr_line' id='line_1_14' title="bbox 217 2084 1391 2173; baseline -0.001 -20"><span class='ocrx_word' id='word_1_116' title='bbox 217 2091 267 2153; x_wconf 89' lang='grc'>86.</span> <span class='ocrx_word' id='word_1_117' title='bbox 294 2086 450 2173; x_wconf 85' lang='lat' dir='ltr'>pondere]</span> <span class='ocrx_word' id='word_1_118' title='bbox 485 2090 585 2153; x_wconf 80' lang='grc' dir='ltr'>σάιιει.</span> <span class='ocrx_word' id='word_1_119' title='bbox 634 2090 686 2152; x_wconf 90' lang='grc'>92.</span> <span class='ocrx_word' id='word_1_120' title='bbox 712 2087 811 2172; x_wconf 88' lang='lat' dir='ltr'>nuno]</span> <span class='ocrx_word' id='word_1_121' title='bbox 847 2088 933 2153; x_wconf 89' lang='grc' dir='ltr'>ποτέ.</span> <span class='ocrx_word' id='word_1_122' title='bbox 982 2091 1033 2152; x_wconf 88' lang='grc'>94.</span> <span class='ocrx_word' id='word_1_123' title='bbox 1060 2084 1163 2173; x_wconf 85' lang='lat' dir='ltr'>spem]</span> <span class='ocrx_word' id='word_1_124' title='bbox 1198 2100 1265 2165; x_wconf 78' lang='grc' dir='ltr'>ταῖς</span> <span class='ocrx_word' id='word_1_125' title='bbox 1289 2088 1391 2152; x_wconf 83' lang='grc' dir='ltr'>ἐλπίσι</span> 
     </span>
     <span class='ocr_line' id='line_1_15' title="bbox 217 2192 1390 2281; baseline 0.003 -26"><span class='ocrx_word' id='word_1_126' title='bbox 217 2236 249 2254; x_wconf 87' lang='lat'><strong><em>=</em></strong></span> <span class='ocrx_word' id='word_1_127' title='bbox 274 2217 355 2280; x_wconf 75' lang='lat' dir='ltr'>speS.</span> <span class='ocrx_word' id='word_1_128' title='bbox 399 2196 471 2260; x_wconf 87' lang='lat'>103.</span> <span class='ocrx_word' id='word_1_129' title='bbox 495 2196 525 2260; x_wconf 92' lang='grc' dir='ltr'>τί</span> <span class='ocrx_word' id='word_1_130' title='bbox 548 2195 650 2279; x_wconf 88' lang='grc' dir='ltr'>μέντοι</span> <span class='ocrx_word' id='word_1_131' title='bbox 673 2193 786 2280; x_wconf 79' lang='grc' dir='ltr'>πρέπει</span> <span class='ocrx_word' id='word_1_132' title='bbox 809 2195 898 2260; x_wconf 82' lang='grc' dir='ltr'>ταυτί</span> <span class='ocrx_word' id='word_1_133' title='bbox 920 2205 964 2281; x_wconf 84' lang='grc' dir='ltr'>τῷ</span> <span class='ocrx_word' id='word_1_134' title='bbox 988 2192 1176 2281; x_wconf 74' lang='grc' dir='ltr'>Ἰθαιιησίῳς</span> <span class='ocrx_word' id='word_1_135' title='bbox 1219 2197 1291 2259; x_wconf 90' lang='grc'>108.</span> <span class='ocrx_word' id='word_1_136' title='bbox 1316 2217 1390 2279; x_wconf 85' lang='lat' dir='ltr'>gre-</span> 
     </span>
     <span class='ocr_line' id='line_1_16' title="bbox 216 2303 1391 2389; baseline 0.001 -22"><span class='ocrx_word' id='word_1_137' title='bbox 216 2305 328 2388; x_wconf 85' lang='lat' dir='ltr'>visque</span> <span class='ocrx_word' id='word_1_138' title='bbox 353 2325 415 2366; x_wconf 93' lang='lat' dir='ltr'>om.</span> <span class='ocrx_word' id='word_1_139' title='bbox 464 2304 536 2368; x_wconf 92' lang='lat'>110.</span> <span class='ocrx_word' id='word_1_140' title='bbox 562 2303 715 2386; x_wconf 81' lang='lat' dir='ltr'>caelatus]</span> <span class='ocrx_word' id='word_1_141' title='bbox 743 2304 976 2389; x_wconf 77' lang='grc' dir='ltr'>καλυπτομένη.</span> <span class='ocrx_word' id='word_1_142' title='bbox 1027 2304 1098 2367; x_wconf 84' lang='grc'>133.</span> <span class='ocrx_word' id='word_1_143' title='bbox 1128 2305 1173 2381; x_wconf 90' lang='grc' dir='ltr'>τίς</span> <span class='ocrx_word' id='word_1_144' title='bbox 1202 2307 1240 2368; x_wconf 83' lang='grc' dir='ltr'>ἂν</span> <span class='ocrx_word' id='word_1_145' title='bbox 1268 2306 1391 2388; x_wconf 78' lang='grc' dir='ltr'>ἄμεινον</span> 
     </span>
     <span class='ocr_line' id='line_1_17' title="bbox 216 2404 1391 2496; baseline -0.003 -20"><span class='ocrx_word' id='word_1_146' title='bbox 216 2409 399 2490; x_wconf 82' lang='grc' dir='ltr'>διαδέξαιτο.</span> <span class='ocrx_word' id='word_1_147' title='bbox 451 2413 522 2474; x_wconf 92' lang='grc'>144.</span> <span class='ocrx_word' id='word_1_148' title='bbox 548 2407 714 2496; x_wconf 80' lang='grc' dir='ltr'>Ἀκρίσιος.</span> <span class='ocrx_word' id='word_1_149' title='bbox 777 2413 848 2475; x_wconf 90' lang='grc'>156.</span> <span class='ocrx_word' id='word_1_150' title='bbox 880 2415 936 2495; x_wconf 80' lang='grc' dir='ltr'>τὴν</span> <span class='ocrx_word' id='word_1_151' title='bbox 972 2411 1089 2475; x_wconf 86' lang='grc' dir='ltr'>Φθίαν.</span> <span class='ocrx_word' id='word_1_152' title='bbox 1151 2411 1222 2474; x_wconf 91' lang='grc'>158.</span> <span class='ocrx_word' id='word_1_153' title='bbox 1249 2404 1320 2475; x_wconf 77' lang='grc' dir='ltr'>ἀλλ’</span> <span class='ocrx_word' id='word_1_154' title='bbox 1355 2410 1391 2474; x_wconf 83' lang='grc' dir='ltr'>οὐ</span> 
     </span>
     <span class='ocr_line' id='line_1_18' title="bbox 215 2517 1390 2604; baseline -0.001 -21"><span class='ocrx_word' id='word_1_155' title='bbox 215 2517 317 2604; x_wconf 81' lang='grc' dir='ltr'>μέντοι</span> <span class='ocrx_word' id='word_1_156' title='bbox 349 2541 385 2603; x_wconf 89' lang='grc' dir='ltr'>γε</span> <span class='ocrx_word' id='word_1_157' title='bbox 417 2521 456 2582; x_wconf 90' lang='grc' dir='ltr'>τά</span> <span class='ocrx_word' id='word_1_158' title='bbox 488 2518 571 2588; x_wconf 81' lang='grc' dir='ltr'>ὅπλα</span> <span class='ocrx_word' id='word_1_159' title='bbox 603 2519 720 2594; x_wconf 84' lang='grc' dir='ltr'>ἐκεῖνος</span> <span class='ocrx_word' id='word_1_160' title='bbox 753 2517 847 2584; x_wconf 84' lang='grc' dir='ltr'>αίτεῖ’</span> <span class='ocrx_word' id='word_1_161' title='bbox 880 2519 901 2602; x_wconf 83' lang='grc' dir='ltr'>ί)</span> <span class='ocrx_word' id='word_1_162' title='bbox 931 2520 958 2582; x_wconf 89' lang='grc' dir='ltr'>εί</span> <span class='ocrx_word' id='word_1_163' title='bbox 991 2520 1043 2581; x_wconf 78' lang='grc' dir='ltr'>καί</span> <span class='ocrx_word' id='word_1_164' title='bbox 1067 2517 1213 2602; x_wconf 81' lang='grc' dir='ltr'>αἰτήσειε,</span> <span class='ocrx_word' id='word_1_165' title='bbox 1242 2517 1390 2602; x_wconf 74' lang='grc' dir='ltr'>ληψεταις</span> 
     </span>
     <span class='ocr_line' id='line_1_19' title="bbox 218 2624 1390 2710; baseline 0 -24"><span class='ocrx_word' id='word_1_166' title='bbox 218 2625 289 2689; x_wconf 89' lang='grc'>159.</span> <span class='ocrx_word' id='word_1_167' title='bbox 315 2625 433 2710; x_wconf 83' lang='grc' dir='ltr'>Γυμνὸς</span> <span class='ocrx_word' id='word_1_168' title='bbox 449 2627 510 2709; x_wconf 90' lang='grc' dir='ltr'>άρα</span> <span class='ocrx_word' id='word_1_169' title='bbox 525 2628 579 2688; x_wconf 83' lang='grc' dir='ltr'>καί</span> <span class='ocrx_word' id='word_1_170' title='bbox 596 2627 689 2710; x_wconf 81' lang='grc' dir='ltr'>μόνον</span> <span class='ocrx_word' id='word_1_171' title='bbox 705 2636 767 2690; x_wconf 92' lang='grc' dir='ltr'>τῶν</span> <span class='ocrx_word' id='word_1_172' title='bbox 783 2625 1041 2710; x_wconf 81' lang='grc' dir='ltr'>κατορθωμάτων</span> <span class='ocrx_word' id='word_1_173' title='bbox 1057 2626 1074 2688; x_wconf 79' lang='grc' dir='ltr'>ὁ</span> <span class='ocrx_word' id='word_1_174' title='bbox 1089 2626 1175 2709; x_wconf 84' lang='grc' dir='ltr'>ἀγὼν</span> <span class='ocrx_word' id='word_1_175' title='bbox 1190 2624 1390 2710; x_wconf 88' lang='grc' dir='ltr'>περιίσταται.</span> 
     </span>
     <span class='ocr_line' id='line_1_20' title="bbox 219 2732 1390 2813; baseline -0.003 -17"><span class='ocrx_word' id='word_1_176' title='bbox 219 2734 289 2796; x_wconf 90' lang='grc'>174.</span> <span class='ocrx_word' id='word_1_177' title='bbox 315 2732 455 2797; x_wconf 81' lang='grc' dir='ltr'>Κύλλαν.</span> <span class='ocrx_word' id='word_1_178' title='bbox 506 2733 578 2795; x_wconf 91' lang='grc'>181.</span> <span class='ocrx_word' id='word_1_179' title='bbox 616 2733 655 2796; x_wconf 86' lang='lat' dir='ltr'>ad</span> <span class='ocrx_word' id='word_1_180' title='bbox 694 2733 830 2813; x_wconf 85' lang='lat' dir='ltr'>„uuius“</span> <span class='ocrx_word' id='word_1_181' title='bbox 868 2733 942 2796; x_wconf 86' lang='lat' dir='ltr'>add.</span> <span class='ocrx_word' id='word_1_182' title='bbox 978 2732 1150 2797; x_wconf 82' lang='grc' dir='ltr'>Μενελάου.</span> <span class='ocrx_word' id='word_1_183' title='bbox 1200 2732 1272 2795; x_wconf 89' lang='grc'>189.</span> <span class='ocrx_word' id='word_1_184' title='bbox 1298 2733 1314 2795; x_wconf 83' lang='grc' dir='ltr'>ὃ</span> <span class='ocrx_word' id='word_1_185' title='bbox 1338 2740 1390 2794; x_wconf 84' lang='grc' dir='ltr'>νῦν</span> 
     </span>
     <span class='ocr_line' id='line_1_21' title="bbox 214 2839 1389 2926; baseline -0.003 -22"><span class='ocrx_word' id='word_1_186' title='bbox 214 2862 250 2925; x_wconf 91' lang='grc' dir='ltr'>γε</span> <span class='ocrx_word' id='word_1_187' title='bbox 286 2839 439 2925; x_wconf 82' lang='grc' dir='ltr'>ὁμολογῶ.</span> <span class='ocrx_word' id='word_1_188' title='bbox 513 2841 584 2904; x_wconf 89' lang='grc'>192.</span> <span class='ocrx_word' id='word_1_189' title='bbox 621 2839 742 2924; x_wconf 89' lang='lat' dir='ltr'>movet]</span> <span class='ocrx_word' id='word_1_190' title='bbox 790 2840 1014 2926; x_wconf 81' lang='grc' dir='ltr'>παρακίνησαν.</span> <span class='ocrx_word' id='word_1_191' title='bbox 1088 2841 1159 2903; x_wconf 87' lang='grc'>198.</span> <span class='ocrx_word' id='word_1_192' title='bbox 1197 2839 1292 2924; x_wconf 86' lang='lat' dir='ltr'>plena</span> <span class='ocrx_word' id='word_1_193' title='bbox 1328 2859 1389 2902; x_wconf 91' lang='lat' dir='ltr'>om.</span> 
     </span>
     <span class='ocr_line' id='line_1_22' title="bbox 219 2941 1392 3033; baseline 0 -23"><span class='ocrx_word' id='word_1_194' title='bbox 219 2949 290 3010; x_wconf 88' lang='lat'>199.</span> <span class='ocrx_word' id='word_1_195' title='bbox 316 2949 369 3011; x_wconf 84' lang='grc' dir='ltr'>καί</span> <span class='ocrx_word' id='word_1_196' title='bbox 386 2951 532 3032; x_wconf 81' lang='grc' dir='ltr'>ἄτρεστος</span> <span class='ocrx_word' id='word_1_197' title='bbox 549 2949 651 3030; x_wconf 77' lang='grc' dir='ltr'>ηνυσα</span> <span class='ocrx_word' id='word_1_198' title='bbox 673 2949 714 3031; x_wconf 83' lang='grc' dir='ltr'>ἥν</span> <span class='ocrx_word' id='word_1_199' title='bbox 739 2944 821 3028; x_wconf 89' lang='lat' dir='ltr'>[cod.</span> <span class='ocrx_word' id='word_1_200' title='bbox 846 2944 914 3028; x_wconf 78' lang='grc' dir='ltr'>καί]</span> <span class='ocrx_word' id='word_1_201' title='bbox 932 2969 983 3033; x_wconf 93' lang='grc' dir='ltr'>μοι</span> <span class='ocrx_word' id='word_1_202' title='bbox 998 2950 1034 3011; x_wconf 81' lang='grc' dir='ltr'>τὸ</span> <span class='ocrx_word' id='word_1_203' title='bbox 1051 2949 1153 3012; x_wconf 79' lang='grc' dir='ltr'>κοινὸν</span> <span class='ocrx_word' id='word_1_204' title='bbox 1168 2957 1223 3031; x_wconf 85' lang='grc' dir='ltr'>τῆς</span> <span class='ocrx_word' id='word_1_205' title='bbox 1240 2941 1392 3024; x_wconf 82' lang='grc' dir='ltr'>Ἑλλάδος</span> 
     </span>
     <span class='ocr_line' id='line_1_23' title="bbox 214 3051 1389 3139; baseline -0.002 -20"><span class='ocrx_word' id='word_1_206' title='bbox 214 3054 389 3120; x_wconf 86' lang='grc' dir='ltr'>ἐνετείλατο</span> <span class='ocrx_word' id='word_1_207' title='bbox 431 3054 529 3139; x_wconf 84' lang='grc' dir='ltr'>δίκην.</span> <span class='ocrx_word' id='word_1_208' title='bbox 611 3056 684 3118; x_wconf 92' lang='grc'>201.</span> <span class='ocrx_word' id='word_1_209' title='bbox 721 3051 850 3136; x_wconf 89' lang='lat' dir='ltr'>moveo]</span> <span class='ocrx_word' id='word_1_210' title='bbox 893 3055 1044 3118; x_wconf 85' lang='grc' dir='ltr'>νουθετῶ.</span> <span class='ocrx_word' id='word_1_211' title='bbox 1119 3055 1193 3116; x_wconf 92' lang='grc'>221.</span> <span class='ocrx_word' id='word_1_212' title='bbox 1234 3054 1290 3118; x_wconf 85' lang='lat' dir='ltr'>dat</span> <span class='ocrx_word' id='word_1_213' title='bbox 1327 3075 1389 3117; x_wconf 92' lang='lat' dir='ltr'>om.</span> 
     </span>
     <span class='ocr_line' id='line_1_24' title="bbox 215 3157 1391 3250; baseline 0 -25"><span class='ocrx_word' id='word_1_214' title='bbox 215 3164 289 3225; x_wconf 91' lang='grc'>227.</span> <span class='ocrx_word' id='word_1_215' title='bbox 307 3158 439 3246; x_wconf 88' lang='lat' dir='ltr'>quidve]</span> <span class='ocrx_word' id='word_1_216' title='bbox 453 3161 482 3226; x_wconf 88' lang='grc' dir='ltr'>τί</span> <span class='ocrx_word' id='word_1_217' title='bbox 494 3158 536 3226; x_wconf 87' lang='grc' dir='ltr'>δέ.</span> <span class='ocrx_word' id='word_1_218' title='bbox 569 3162 643 3230; x_wconf 86' lang='grc'>223.</span> <span class='ocrx_word' id='word_1_219' title='bbox 657 3157 828 3250; x_wconf 84' lang='lat' dir='ltr'>protervis]</span> <span class='ocrx_word' id='word_1_220' title='bbox 843 3162 949 3245; x_wconf 85' lang='grc' dir='ltr'>ίταμάς</span> <span class='ocrx_word' id='word_1_221' title='bbox 962 3199 994 3218; x_wconf 90' lang='lat'>=</span> <span class='ocrx_word' id='word_1_222' title='bbox 1007 3166 1186 3245; x_wconf 85' lang='lat' dir='ltr'>protervus.</span> <span class='ocrx_word' id='word_1_223' title='bbox 1221 3163 1296 3224; x_wconf 92' lang='grc'>224.</span> <span class='ocrx_word' id='word_1_224' title='bbox 1308 3164 1391 3225; x_wconf 83' lang='grc' dir='ltr'>κατὰ</span> 
     </span>
     <span class='ocr_line' id='line_1_25' title="bbox 212 3266 1391 3354; baseline 0.001 -22"><span class='ocrx_word' id='word_1_225' title='bbox 212 3275 275 3332; x_wconf 89' lang='grc' dir='ltr'>τῶν</span> <span class='ocrx_word' id='word_1_226' title='bbox 298 3269 466 3354; x_wconf 86' lang='grc' dir='ltr'>πολεμίων.</span> <span class='ocrx_word' id='word_1_227' title='bbox 515 3272 589 3336; x_wconf 88' lang='grc'>235.</span> <span class='ocrx_word' id='word_1_228' title='bbox 617 3266 751 3353; x_wconf 88' lang='lat' dir='ltr'>repono]</span> <span class='ocrx_word' id='word_1_229' title='bbox 782 3267 989 3348; x_wconf 81' lang='grc' dir='ltr'>ἐπανασῶζω.</span> <span class='ocrx_word' id='word_1_230' title='bbox 1038 3266 1150 3350; x_wconf 67' lang='grc'>24314.</span> <span class='ocrx_word' id='word_1_231' title='bbox 1182 3270 1266 3334; x_wconf 84' lang='grc' dir='ltr'>ἀλλὰ</span> <span class='ocrx_word' id='word_1_232' title='bbox 1289 3266 1391 3354; x_wconf 89' lang='grc' dir='ltr'>μέντοι</span> 
     </span>
     <span class='ocr_line' id='line_1_26' title="bbox 213 3373 1391 3462; baseline 0 -23"><span class='ocrx_word' id='word_1_233' title='bbox 213 3378 266 3440; x_wconf 79' lang='grc' dir='ltr'>καί</span> <span class='ocrx_word' id='word_1_234' title='bbox 290 3386 485 3442; x_wconf 79' lang='grc' dir='ltr'>κατασκοπῶ</span> <span class='ocrx_word' id='word_1_235' title='bbox 508 3375 553 3459; x_wconf 88' lang='lat'>[=</span> <span class='ocrx_word' id='word_1_236' title='bbox 572 3383 679 3462; x_wconf 82' lang='lat' dir='ltr'>specto</span> <span class='ocrx_word' id='word_1_237' title='bbox 693 3415 727 3436; x_wconf 92' lang='lat'><strong><em>=</em></strong></span> <span class='ocrx_word' id='word_1_238' title='bbox 744 3373 863 3461; x_wconf 85' lang='lat' dir='ltr'>spreto]</span> <span class='ocrx_word' id='word_1_239' title='bbox 880 3379 936 3440; x_wconf 85' lang='grc' dir='ltr'>καί</span> <span class='ocrx_word' id='word_1_240' title='bbox 958 3385 1058 3440; x_wconf 82' lang='grc' dir='ltr'>ταῦτα</span> <span class='ocrx_word' id='word_1_241' title='bbox 1074 3379 1127 3442; x_wconf 83' lang='grc' dir='ltr'>τὸν</span> <span class='ocrx_word' id='word_1_242' title='bbox 1143 3377 1182 3440; x_wconf 84' lang='grc' dir='ltr'>ἐκ</span> <span class='ocrx_word' id='word_1_243' title='bbox 1205 3387 1259 3461; x_wconf 78' lang='grc' dir='ltr'>τῆς</span> <span class='ocrx_word' id='word_1_244' title='bbox 1282 3378 1391 3453; x_wconf 77' lang='grc' dir='ltr'>νυκτὸς</span> 
     </span>
     <span class='ocr_line' id='line_1_27' title="bbox 212 3483 1391 3569; baseline -0.001 -22"><span class='ocrx_word' id='word_1_245' title='bbox 212 3486 265 3547; x_wconf 88' lang='grc' dir='ltr'>καί</span> <span class='ocrx_word' id='word_1_246' title='bbox 290 3485 419 3568; x_wconf 87' lang='grc' dir='ltr'>ἐχθρῶν</span> <span class='ocrx_word' id='word_1_247' title='bbox 443 3483 582 3548; x_wconf 78' lang='grc' dir='ltr'>κίνδυνον</span> <span class='ocrx_word' id='word_1_248' title='bbox 606 3484 848 3569; x_wconf 86' lang='grc' dir='ltr'>ἐπικρεμάμενον</span> <span class='ocrx_word' id='word_1_249' title='bbox 877 3484 959 3569; x_wconf 81' lang='grc' dir='ltr'>ἔχων</span> <span class='ocrx_word' id='word_1_250' title='bbox 990 3486 1044 3548; x_wconf 83' lang='grc' dir='ltr'>καί</span> <span class='ocrx_word' id='word_1_251' title='bbox 1067 3486 1121 3549; x_wconf 80' lang='grc' dir='ltr'>τὸν</span> <span class='ocrx_word' id='word_1_252' title='bbox 1143 3487 1183 3548; x_wconf 89' lang='grc' dir='ltr'>τά</span> <span class='ocrx_word' id='word_1_253' title='bbox 1207 3486 1287 3548; x_wconf 84' lang='grc' dir='ltr'>αὐτὰ</span> <span class='ocrx_word' id='word_1_254' title='bbox 1311 3487 1391 3568; x_wconf 86' lang='grc' dir='ltr'>άπερ</span> 
     </span>
     <span class='ocr_line' id='line_1_28' title="bbox 212 3592 1388 3676; baseline -0.003 -20"><span class='ocrx_word' id='word_1_255' title='bbox 212 3593 298 3676; x_wconf 74' lang='grc' dir='ltr'>ἡμεῖς</span> <span class='ocrx_word' id='word_1_256' title='bbox 322 3593 359 3654; x_wconf 84' lang='grc' dir='ltr'>ἐκ</span> <span class='ocrx_word' id='word_1_257' title='bbox 392 3601 446 3654; x_wconf 86' lang='grc' dir='ltr'>τοῦ</span> <span class='ocrx_word' id='word_1_258' title='bbox 480 3592 620 3676; x_wconf 89' lang='grc' dir='ltr'>Φρυγίου</span> <span class='ocrx_word' id='word_1_259' title='bbox 652 3592 758 3676; x_wconf 89' lang='grc' dir='ltr'>γένους</span> <span class='ocrx_word' id='word_1_260' title='bbox 775 3592 997 3676; x_wconf 82' lang='grc' dir='ltr'>τετολμηκάτα</span> <span class='ocrx_word' id='word_1_261' title='bbox 1022 3592 1152 3657; x_wconf 80' lang='grc' dir='ltr'>Δόλωνα</span> <span class='ocrx_word' id='word_1_262' title='bbox 1176 3592 1388 3676; x_wconf 81' lang='grc' dir='ltr'>διεργάζομαι.</span> 
     </span>
     <span class='ocr_line' id='line_1_29' title="bbox 214 3697 1386 3785; baseline -0.003 -23"><span class='ocrx_word' id='word_1_263' title='bbox 214 3700 287 3762; x_wconf 91' lang='grc'>248.</span> <span class='ocrx_word' id='word_1_264' title='bbox 313 3701 366 3762; x_wconf 79' lang='grc' dir='ltr'>καί</span> <span class='ocrx_word' id='word_1_265' title='bbox 389 3699 450 3784; x_wconf 81' lang='grc' dir='ltr'>ἤδη</span> <span class='ocrx_word' id='word_1_266' title='bbox 474 3710 537 3776; x_wconf 89' lang='grc' dir='ltr'>τοῖς</span> <span class='ocrx_word' id='word_1_267' title='bbox 561 3699 693 3776; x_wconf 84' lang='grc' dir='ltr'>ἐπαίνοις</span> <span class='ocrx_word' id='word_1_268' title='bbox 720 3699 1001 3784; x_wconf 82' lang='grc' dir='ltr'>παραπεμπόμενος</span> <span class='ocrx_word' id='word_1_269' title='bbox 1028 3700 1189 3785; x_wconf 81' lang='grc' dir='ltr'>ἠδυνάμην</span> <span class='ocrx_word' id='word_1_270' title='bbox 1219 3697 1386 3764; x_wconf 90' lang='grc' dir='ltr'>ἐπανιέναι.</span> 
     </span>
    </p>
   </div>
   <div class='ocr_carea' id='block_1_3' title="bbox 210 3927 1388 4536">
    <p class='ocr_par' dir='ltr' id='par_1_3' title="bbox 210 3927 1388 4343">
     <span class='ocr_line' id='line_1_30' title="bbox 304 3927 1388 4000; baseline 0.002 -16"><span class='ocrx_word' id='word_1_271' title='bbox 304 3931 367 3996; x_wconf 90' lang='grc'>211)</span> <span class='ocrx_word' id='word_1_272' title='bbox 389 3929 483 3986; x_wconf 87' lang='lat' dir='ltr'>Vellet</span> <span class='ocrx_word' id='word_1_273' title='bbox 502 3929 651 3984; x_wconf 87' lang='lat' dir='ltr'>iuvenisse</span> <span class='ocrx_word' id='word_1_274' title='bbox 665 3928 789 3997; x_wconf 84' lang='lat' dir='ltr'>videtur,</span> <span class='ocrx_word' id='word_1_275' title='bbox 809 3930 888 4000; x_wconf 86' lang='lat' dir='ltr'>quod</span> <span class='ocrx_word' id='word_1_276' title='bbox 908 3930 1030 3986; x_wconf 86' lang='lat' dir='ltr'>verbum</span> <span class='ocrx_word' id='word_1_277' title='bbox 1051 3931 1139 3986; x_wconf 89' lang='lat' dir='ltr'>etiam</span> <span class='ocrx_word' id='word_1_278' title='bbox 1158 3929 1198 3984; x_wconf 84' lang='lat' dir='ltr'>IX</span> <span class='ocrx_word' id='word_1_279' title='bbox 1217 3931 1277 3996; x_wconf 85' lang='grc'>492,</span> <span class='ocrx_word' id='word_1_280' title='bbox 1291 3927 1315 3982; x_wconf 87' lang='lat' dir='ltr'>X</span> <span class='ocrx_word' id='word_1_281' title='bbox 1327 3931 1388 3986; x_wconf 85' lang='grc'>355.</span> 
     </span>
     <span class='ocr_line' id='line_1_31' title="bbox 214 4016 1388 4090; baseline -0.002 -17"><span class='ocrx_word' id='word_1_282' title='bbox 214 4018 251 4073; x_wconf 91' lang='lat' dir='ltr'>lll</span> <span class='ocrx_word' id='word_1_283' title='bbox 272 4020 323 4074; x_wconf 84' lang='grc'>247</span> <span class='ocrx_word' id='word_1_284' title='bbox 344 4020 372 4074; x_wconf 91' lang='lat' dir='ltr'>iu</span> <span class='ocrx_word' id='word_1_285' title='bbox 398 4021 525 4086; x_wconf 75' lang='grc' dir='ltr'>εὔχεσθαι</span> <span class='ocrx_word' id='word_1_286' title='bbox 546 4019 641 4087; x_wconf 91' lang='lat' dir='ltr'>vertit,</span> <span class='ocrx_word' id='word_1_287' title='bbox 666 4034 731 4073; x_wconf 86' lang='lat' dir='ltr'>eum</span> <span class='ocrx_word' id='word_1_288' title='bbox 751 4019 838 4074; x_wconf 89' lang='lat' dir='ltr'>malle</span> <span class='ocrx_word' id='word_1_289' title='bbox 857 4020 1030 4090; x_wconf 88' lang='lat' dir='ltr'>plerumque</span> <span class='ocrx_word' id='word_1_290' title='bbox 1055 4021 1084 4075; x_wconf 92' lang='lat' dir='ltr'>in</span> <span class='ocrx_word' id='word_1_291' title='bbox 1105 4020 1207 4087; x_wconf 83' lang='grc' dir='ltr'>μᾶλλον</span> <span class='ocrx_word' id='word_1_292' title='bbox 1231 4019 1333 4070; x_wconf 73' lang='grc' dir='ltr'>ἐθέλειν</span> <span class='ocrx_word' id='word_1_293' title='bbox 1353 4016 1388 4071; x_wconf 88' lang='lat' dir='ltr'>el.</span> 
     </span>
     <span class='ocr_line' id='line_1_32' title="bbox 210 4107 1387 4177; baseline -0.003 -14"><span class='ocrx_word' id='word_1_294' title='bbox 210 4108 249 4163; x_wconf 96' lang='lat' dir='ltr'>Vl</span> <span class='ocrx_word' id='word_1_295' title='bbox 269 4111 333 4177; x_wconf 86' lang='grc'>659,</span> <span class='ocrx_word' id='word_1_296' title='bbox 353 4114 413 4174; x_wconf 84' lang='grc'>684,</span> <span class='ocrx_word' id='word_1_297' title='bbox 434 4108 473 4164; x_wconf 86' lang='lat' dir='ltr'>lX</span> <span class='ocrx_word' id='word_1_298' title='bbox 492 4110 553 4176; x_wconf 91' lang='grc'>468,</span> <span class='ocrx_word' id='word_1_299' title='bbox 574 4109 597 4163; x_wconf 89' lang='grc' dir='ltr'>Χ</span> <span class='ocrx_word' id='word_1_300' title='bbox 616 4112 665 4164; x_wconf 90' lang='grc'>157</span> <span class='ocrx_word' id='word_1_301' title='bbox 687 4110 715 4163; x_wconf 84' lang='lat' dir='ltr'>et</span> <span class='ocrx_word' id='word_1_302' title='bbox 743 4109 773 4163; x_wconf 89' lang='lat' dir='ltr'>in</span> <span class='ocrx_word' id='word_1_303' title='bbox 799 4111 901 4174; x_wconf 86' lang='grc' dir='ltr'>μᾶλλον</span> <span class='ocrx_word' id='word_1_304' title='bbox 925 4112 1052 4177; x_wconf 80' lang='grc' dir='ltr'>εὔχεσθαι</span> <span class='ocrx_word' id='word_1_305' title='bbox 1071 4110 1126 4166; x_wconf 86' lang='lat' dir='ltr'>Xll</span> <span class='ocrx_word' id='word_1_306' title='bbox 1145 4107 1207 4177; x_wconf 82' lang='grc'>541,</span> <span class='ocrx_word' id='word_1_307' title='bbox 1226 4112 1278 4164; x_wconf 89' lang='grc'>606</span> <span class='ocrx_word' id='word_1_308' title='bbox 1298 4109 1387 4162; x_wconf 80' lang='lat' dir='ltr'>inter·</span> 
     </span>
     <span class='ocr_line' id='line_1_33' title="bbox 211 4196 1387 4268; baseline -0.002 -16"><span class='ocrx_word' id='word_1_309' title='bbox 211 4200 343 4268; x_wconf 87' lang='lat' dir='ltr'>pretatus</span> <span class='ocrx_word' id='word_1_310' title='bbox 372 4199 417 4253; x_wconf 91' lang='lat' dir='ltr'>sit.</span> <span class='ocrx_word' id='word_1_311' title='bbox 466 4198 521 4254; x_wconf 89' lang='lat' dir='ltr'>Sed</span> <span class='ocrx_word' id='word_1_312' title='bbox 550 4199 639 4254; x_wconf 86' lang='lat' dir='ltr'>etiarn</span> <span class='ocrx_word' id='word_1_313' title='bbox 668 4199 698 4252; x_wconf 91' lang='lat' dir='ltr'>in</span> <span class='ocrx_word' id='word_1_314' title='bbox 727 4199 830 4250; x_wconf 75' lang='grc' dir='ltr'>ἐθέλειν</span> <span class='ocrx_word' id='word_1_315' title='bbox 860 4199 969 4267; x_wconf 85' lang='grc'>11182,</span> <span class='ocrx_word' id='word_1_316' title='bbox 996 4201 1048 4254; x_wconf 91' lang='grc'>660</span> <span class='ocrx_word' id='word_1_317' title='bbox 1077 4205 1107 4256; x_wconf 90' lang='lat' dir='ltr'>et</span> <span class='ocrx_word' id='word_1_318' title='bbox 1135 4199 1277 4264; x_wconf 75' lang='grc' dir='ltr'>βοὺλεσθαι</span> <span class='ocrx_word' id='word_1_319' title='bbox 1297 4196 1387 4252; x_wconf 81' lang='grc'>11126</span> 
     </span>
     <span class='ocr_line' id='line_1_34' title="bbox 210 4285 1163 4343; baseline 0 -1"><span class='ocrx_word' id='word_1_320' title='bbox 210 4287 298 4343; x_wconf 85' lang='lat' dir='ltr'>malle</span> <span class='ocrx_word' id='word_1_321' title='bbox 320 4288 414 4342; x_wconf 88' lang='lat' dir='ltr'>vertit.</span> <span class='ocrx_word' id='word_1_322' title='bbox 1162 4285 1163 4290; x_wconf 73' lang='grc'>’</span> 
     </span>
    </p>

    <p class='ocr_par' dir='ltr' id='par_1_4' title="bbox 210 4376 1385 4536">
     <span class='ocr_line' id='line_1_35' title="bbox 301 4376 1385 4449; baseline 0 -19"><span class='ocrx_word' id='word_1_323' title='bbox 301 4377 364 4443; x_wconf 87' lang='grc'>212)</span> <span class='ocrx_word' id='word_1_324' title='bbox 385 4377 487 4432; x_wconf 87' lang='lat' dir='ltr'>Utrum</span> <span class='ocrx_word' id='word_1_325' title='bbox 507 4377 621 4433; x_wconf 88' lang='lat' dir='ltr'>dixerat</span> <span class='ocrx_word' id='word_1_326' title='bbox 651 4392 688 4432; x_wconf 88' lang='lat' dir='ltr'>an</span> <span class='ocrx_word' id='word_1_327' title='bbox 720 4376 830 4432; x_wconf 85' lang='lat' dir='ltr'>fecerat</span> <span class='ocrx_word' id='word_1_328' title='bbox 847 4378 962 4448; x_wconf 81' lang='lat' dir='ltr'>legerit,</span> <span class='ocrx_word' id='word_1_329' title='bbox 981 4379 1089 4447; x_wconf 83' lang='lat' dir='ltr'>neseio,</span> <span class='ocrx_word' id='word_1_330' title='bbox 1108 4379 1177 4449; x_wconf 84' lang='lat' dir='ltr'>quia</span> <span class='ocrx_word' id='word_1_331' title='bbox 1206 4393 1301 4448; x_wconf 88' lang='lat' dir='ltr'>neque</span> <span class='ocrx_word' id='word_1_332' title='bbox 1329 4376 1385 4431; x_wconf 87' lang='lat' dir='ltr'>hoc</span> 
     </span>
     <span class='ocr_line' id='line_1_36' title="bbox 210 4465 906 4536; baseline 0 -13"><span class='ocrx_word' id='word_1_333' title='bbox 210 4481 305 4536; x_wconf 88' lang='lat' dir='ltr'>neque</span> <span class='ocrx_word' id='word_1_334' title='bbox 324 4465 399 4522; x_wconf 91' lang='lat' dir='ltr'>illud</span> <span class='ocrx_word' id='word_1_335' title='bbox 418 4467 476 4522; x_wconf 87' lang='lat' dir='ltr'>alio</span> <span class='ocrx_word' id='word_1_336' title='bbox 495 4467 560 4524; x_wconf 85' lang='lat' dir='ltr'>loeo</span> <span class='ocrx_word' id='word_1_337' title='bbox 580 4466 683 4524; x_wconf 90' lang='lat' dir='ltr'>eodem</span> <span class='ocrx_word' id='word_1_338' title='bbox 702 4466 789 4522; x_wconf 89' lang='lat' dir='ltr'>modo</span> <span class='ocrx_word' id='word_1_339' title='bbox 808 4467 906 4524; x_wconf 86' lang='lat' dir='ltr'>vertit.</span> 
     </span>
    </p>
   </div>
   <div class='ocr_carea' id='block_1_4' title="bbox 0 0 1710 5104">
    <p class='ocr_par' dir='ltr' id='par_1_5' title="bbox 0 0 1710 5104">
     <span class='ocr_line' id='line_1_37' title="bbox 0 0 1710 5104; baseline 0 3"><span class='ocrx_word' id='word_1_340' title='bbox 0 0 1710 5104; x_wconf 95' lang='lat' dir='ltr'> </span> 
     </span>
    </p>
   </div>
  </div>
 </body>
</html>
