3410 5104
809 488 1025 560 ..18-

335 700 479 796 στιίρχων
502 708 740 793 είσώύησεν.54)
787 709 876 794 9374.
901 711 985 774 imae
1006 717 1097 795 parte
1114 760 1122 776 .
1142 761 1149 774 .
1168 757 1175 772 .
1194 760 1201 772 .
1223 707 1359 794 caudae]
1380 719 1424 797 τῷ
1446 718 1503 793 τῆς

333 819 425 903 οὐράς
458 820 555 902 άκρῳ.
607 817 677 880 125.
702 816 886 903 plangebat]
920 817 941 901 ἡ
975 817 1132 882 νεολαία.
1159 867 1165 880 .
1192 867 1199 881 .
1225 865 1232 880 .
1258 821 1397 899 ἔτυπτον,
1430 819 1501 882 add.

331 934 456 1011 πρηνεῖς
485 924 656 1001 πίπτοντες.
707 925 778 990 140.
803 928 857 989 καί
885 926 978 1010 ὑμεῖς,
1010 922 1035 989 ὡ
1064 925 1165 1002 κύνες,
1190 927 1219 990 οἱ
1242 937 1296 990 τοῦ
1320 927 1503 991 δεσποτικοῦ

332 1034 459 1115 αἵματος
484 1032 562 1116 άδην
584 1031 714 1108 πίοντες.
766 1034 835 1096 147.
861 1029 1032 1117 Hyantius]
1058 1031 1304 1118 ἀσθμαίνων.55)
1353 1035 1425 1098 149.
1450 1035 1503 1097 καὶ

330 1151 385 1225 της
418 1139 515 1225 τύχης
550 1139 628 1216 άλις.
690 1141 761 1203 157.
791 1139 828 1224 ἧς
861 1141 936 1224 πρὸς
970 1151 1036 1216 ταῖς
1070 1138 1228 1226 ἐσχατιαῖς
1262 1141 1503 1226 άνακεχωρηκύς

330 1248 394 1312 ἐστι
417 1247 586 1331 συνηρεφὲς
610 1250 719 1330 ἄντρον
744 1285 776 1293 -
800 1268 972 1310 recessum.
1023 1249 1095 1311 160.
1121 1247 1192 1312 tofis
1217 1269 1281 1312 om.
1332 1249 1502 1312 159.νίνο

330 1376 393 1419 om.
444 1356 515 1418 162.
540 1351 734 1435 succinctus]
759 1354 991 1440 περιεζωσμὲνη
1017 1393 1049 1412 τ
1073 1354 1291 1436 incinctus.⁵⁶]
1334 1357 1406 1418 171.
1428 1357 1502 1420 ἀνα·

329 1462 524 1548 λαμβάνουσι
539 1461 641 1526 τοίνυν
657 1463 742 1547 ὕδωρ
757 1461 871 1546 Νύμφη
887 1464 940 1526 καί
956 1453 1056 1548 Ὑάλη
1073 1462 1125 1526 καί
1142 1456 1260 1540 Ῥανίς.
1297 1461 1405 1544 18112.
1423 1464 1501 1547 ύψη·

329 1569 443 1654 λοτέρα
471 1565 501 1633 δ’
523 1572 604 1654 ὅμως
634 1572 765 1634 ἁπασῶν
793 1570 833 1653 ἠν
861 1571 881 1655 ἡ
909 1569 982 1634 θεά.
1033 1571 1104 1634 198.
1130 1571 1146 1634 ὁ
1174 1565 1376 1646 Ἀκταιύινιος
1404 1572 1500 1655 ἥρως.

331 1677 405 1741 206.
429 1679 482 1741 καί
514 1687 636 1762 πρῶτος
668 1678 685 1754 ύ
717 1676 916 1761 Μελάμπους.
965 1679 1038 1741 210.
1073 1677 1246 1762 Παμφάγος
1278 1680 1333 1742 καί
1366 1677 1502 1762 Δορκεύς

329 1787 384 1848 καί
419 1779 609 1869 Ὀρείβασος,
645 1781 802 1869 Ἀρκάδες
840 1785 961 1860 πάντες.
1024 1785 1098 1846 212.
1135 1787 1190 1848 καί
1224 1786 1298 1849 ποσί
1332 1782 1501 1869 Πτερέλας.

330 1893 405 1954 215.
423 1887 569 1976 Ἅρπυια.
595 1889 668 1954 216.
684 1888 806 1973 Ladon]
820 1890 965 1975 Λάγγων.
991 1891 1065 1954 217.
1079 1893 1134 1955 καί
1146 1891 1271 1977 Δρομὰς
1282 1894 1335 1956 καί
1351 1890 1500 1976 Καναχίς,

329 1998 426 2083 nent]
460 2020 494 2062 τε
528 2001 581 2062 καὶ
617 1998 721 2084 Τίγρις
753 2001 807 2062 καί
834 1995 950 2083 Ἀλκη.
998 2000 1073 2062 218.
1103 2001 1155 2062 καί
1183 1999 1343 2084 χιονιάδης
1372 1997 1501 2062 Λεύκων

328 2108 381 2170 καί
409 2106 528 2190 λάχνης
556 2116 715 2190 σκοτεινής
738 2102 902 2191 Ἀσβολος.
951 2108 1025 2170 219.
1050 2102 1178 2171 Ἀελλά.
1228 2109 1301 2171 220.
1326 2109 1379 2171 καί
1406 2109 1502 2192 ταχὺς

332 2212 480 2298 Κυπρίων
518 2216 582 2297 ἅμα
622 2215 712 2298 μητρί
750 2210 904 2298 Λυκίσκη.
957 2215 1032 2276 222.
1068 2216 1124 2277 καί
1157 2213 1327 2290 Μελανεύς.
1378 2211 1501 2298 Λάχνη.

328 2322 404 2384 224.
417 2315 605 2405 Ἀχριύδσυς.
635 2320 710 2382 231.
728 2317 852 2401 aether]
870 2320 940 2405 ἀήρ.
969 2320 1044 2384 232.
1061 2320 1293 2406 Μελαγχαίτης.
1319 2320 1394 2384 233.
1408 2319 1500 2405 Θηρι·

282 2479 283 2484 ,
328 2429 442 2513 δάμας.
484 2426 558 2491 234.
579 2426 701 2512 βράδιον
718 2427 772 2511 μὲν
790 2431 844 2491 σύν
867 2427 1011 2510 ἐξῄεσαν.
1057 2429 1131 2490 242.
1149 2425 1342 2509 hortatibus]
1359 2428 1499 2504 ὑλακαῖς.

330 2537 404 2600 249.
429 2535 462 2597 in
487 2531 634 2619 corpore]
664 2536 707 2611 εἰς
733 2537 768 2598 τὸ
796 2545 896 2620 σῶμα.
945 2535 1019 2598 250.
1045 2535 1104 2599 ὑπὸ
1134 2535 1240 2619 ψευδεῖ
1262 2536 1347 2619 τύπῳ
1372 2535 1499 2618 ἐλάφου.

328 2640 440 2720 25142.
474 2641 612 2705 exhibet.
661 2643 735 2704 257.
765 2641 927 2726 eloquitur
967 2663 1029 2705 om.
1078 2644 1152 2706 261.
1181 2645 1235 2706 καί
1266 2645 1323 2727 την
1354 2641 1500 2726 γλῶσσαν

327 2749 410 2813 λύειν
439 2750 604 2814 διανοεῖται
631 2751 706 2832 πρὸς
734 2747 896 2833 λοιδορίας.
945 2745 1079 2829 269170.
1104 2752 1157 2814 καί
1187 2752 1207 2834 ἡ
1236 2750 1346 2835 μήτηρ,
1374 2751 1390 2813 ὃ
1414 2749 1500 2834 μόλις

328 2857 395 2940 ἐμοὶ
420 2855 498 2941 μόνη
521 2856 711 2942 συνηνέχθη,
736 2857 773 2920 ἐκ
796 2867 850 2921 τοῦ
875 2856 944 2934 Διὸς
965 2857 1115 2941 γενέσθαι
1133 2857 1284 2943 βούλεται.
1326 2858 1400 2920 272.
1424 2857 1500 2941 πρὸς

327 2967 363 3029 τὸ
387 2964 518 3049 Στύγιον
540 2962 682 3048 lempst]
730 2965 841 3042 290ll.
867 2965 909 3041 ὡς
932 2966 969 3029 ἂν
994 2966 1028 3029 δὲ
1045 2966 1165 3051 μᾶλλον
1185 2965 1392 3046 πιστεύσειας,
1408 2963 1429 3047 ἡ
1446 2972 1500 3028 τοῦ

328 3069 459 3156 Στυγίου
492 3072 659 3157 χειμάῤῥου
695 3072 822 3155 θειότης
853 3083 943 3137 τούτο
976 3073 1122 3137 συνίστω·
1170 3073 1187 3136 ὁ
1214 3072 1309 3158 τρύβος
1342 3073 1420 3154 δῆτα
1446 3072 1501 3135 καί

326 3180 401 3255 θεὸς
426 3180 522 3244 θεῶν.
566 3179 640 3243 303.
666 3179 811 3263 Τυφῶνα.
852 3179 926 3243 316.
945 3179 1036 3242 fatali
1051 3178 1133 3263 lege]
1151 3189 1194 3262 τῷ
1211 3179 1295 3263 νύμιμ
1311 3190 1365 3263 της
1382 3178 1497 3263 φήμης.

414 3447 459 3513 54)
479 3446 533 3502 llln
564 3446 714 3515 „uenatu
745 3445 914 3514 Planudem,
939 3446 988 3515 qui
1013 3448 1114 3501 eontra
1138 3445 1364 3514 Byzantinorum
1387 3459 1497 3500 morem

324 3541 361 3601 εις
380 3540 409 3592 et
432 3539 460 3588 ἐν
478 3552 536 3592 non
565 3536 706 3602 confudit,
728 3536 774 3602 „in
803 3537 938 3605 guttura“
959 3535 1108 3590 invenisse
1135 3535 1208 3590 mihi
1237 3535 1356 3604 quidem
1379 3533 1498 3604 probari

326 3627 451 3692 videtur,
471 3627 642 3696 praesertim
663 3641 728 3680 euni
753 3639 892 3694 persaepe
916 3624 990 3679 illud
1010 3623 1107 3678 Ovidii
1131 3624 1244 3694 plurale
1265 3623 1416 3693 ,ςυιιυιιια
1440 3623 1497 3677 sin-

324 3717 419 3786 gulari
439 3718 569 3770 vertatur
589 3716 623 3770 el.
645 3715 684 3770 lll
704 3717 747 3783 73,
767 3717 827 3778 626,
846 3713 899 3768 Vll
919 3715 980 3782 314,
1001 3713 1040 3768 IX
1054 3716 1096 3781 78,
1116 3713 1258 3768 14111944.

413 3817 460 3872 551
478 3813 625 3869 Planudes
652 3813 835 3882 „hyantius“‚
855 3812 931 3881 qued
957 3826 1061 3866 nomen
1084 3827 1148 3866 esse
1167 3811 1315 3880 proprium
1337 3826 1392 3866 nen
1414 3811 1498 3878 vidit,

323 3919 341 3958 a
362 3904 450 3959 verba
469 3902 572 3958 lriandi
591 3903 741 3958 derivasse
761 3901 884 3956 videtur.

412 4003 458 4067 56)
477 4002 592 4073 Optime
622 4000 763 4056 discrevit
785 3998 932 4056 Planudes
960 4000 1110 4068 incingere
1135 4003 1165 4054 et
1190 3999 1368 4067 succingere,
1393 3999 1429 4054 ef.
1453 3999 1496 4053 in-

323 4090 451 4161 cingere]
483 4090 520 4146 lV
549 4092 601 4147 483
631 4091 827 4159 περιζωννυται,
861 4089 913 4145 Vll
941 4092 993 4145 242
1024 4091 1209 4155 περιεζώσατο,
1238 4087 1301 4142 Xlll
1331 4091 1383 4143 894
1413 4104 1497 4154 περιε-

323 4184 461 4248 ζωσμένος,
492 4183 521 4236 et
552 4176 733 4248 succingere]
767 4178 832 4233 Vlll
861 4182 914 4234 660
950 4181 1145 4244 άναζωσαμὲνη,
1183 4177 1222 4232 lX
1251 4180 1284 4232 89
1323 4180 1496 4244 ἀνεζωσμένη,

321 4271 346 4325 X
366 4273 418 4325 536
437 4273 610 4337 ἀνεζωσμένη,
629 4269 694 4324 Xlll
714 4272 765 4323 732
785 4271 968 4331 ύποζώννυτοιι.

410 4369 456 4436 571
475 4369 515 4423 ef.
536 4384 603 4424 ann.
623 4372 666 4424 47.
