3410 5104
711 529 886 595 ..67-

210 743 373 828 προσώπῳ
398 767 448 830 μοι
469 744 674 830 ἐπικρέμαται
697 746 753 808 καί
775 747 846 822 τοὺς
870 747 974 830 ὤμους
998 746 1040 821 ὥς
1067 767 1112 822 τις
1135 745 1239 830 λόχμη
1265 746 1387 824 σκιάζει

209 855 269 916 καὶ
292 850 378 935 θριξὶ
393 863 526 929 πυκναῖς
541 874 574 915 τε
589 854 646 916 καὶ
660 851 820 937 τραχείαις
834 853 949 936 τούμόν
966 861 1059 936 σῶμα
1075 849 1235 937 πέφρικεν,
1252 855 1386 938 αἰσχρόν

211 961 287 1022 οἴου.
335 965 408 1044 post
437 960 515 1024 848:
547 959 657 1023 σκέπει
679 962 780 1043 πτερὰ
805 961 860 1045 μὲν
888 962 960 1036 τοὺς
988 961 1099 1044 ὄρνεις,
1122 971 1184 1036 τοῖς
1209 961 1244 1023 δέ
1267 961 1385 1046 προβά-

210 1087 273 1142 τοις
301 1069 336 1130 τό
363 1067 439 1132 ίδιον
468 1069 548 1151 ἔριον
577 1063 704 1151 κόσμος.
752 1067 826 1130 856.
852 1066 1006 1150 suppIIcis
1037 1087 1099 1130 om.
1147 1067 1220 1130 858.
1251 1075 1300 1131 est
1322 1089 1384 1132 om.

206 1174 285 1237 867.
317 1173 372 1237 καί
406 1177 442 1238 τό
476 1183 538 1258 πῦρ
580 1173 738 1257 άδικηθὲν
772 1172 917 1257 ὀξύτερον
957 1175 1156 1256 ἐκπυροῦται.
1215 1174 1289 1239 680.
1322 1175 1384 1239 Καί

210 1279 398 1365 Βοήθησον,
428 1284 514 1365 φησι,
544 1281 709 1345 Γαλάτεια.
758 1275 869 1364 88344.
894 1283 957 1346 κάν
986 1281 1012 1344 εί
1039 1283 1096 1344 καί
1123 1283 1164 1346 τά
1188 1281 1321 1366 μάλιστα
1344 1285 1384 1346 τά

209 1397 268 1470 τῆς
290 1399 345 1452 τοῦ
374 1388 468 1452 λίθου
496 1388 610 1472 γωνίαις
638 1391 759 1472 ἔσχατα
786 1390 865 1472 πρός
888 1389 1006 1453 ἐκεῖνον
1029 1388 1182 1471 ἔφθασεν.
1231 1389 1306 1453 890.
1330 1393 1384 1453 καί

209 1497 279 1561 τότε
304 1497 344 1580 δὴ
369 1497 391 1580 ἡ
417 1496 575 1581 βληθεῖσα
596 1493 745 1581 ῥήγνυται
762 1494 912 1580 ἀπορρώξ
927 1523 963 1548 =
978 1497 1071 1559 iacta.
1119 1497 1264 1582 896.καί
1282 1497 1384 1580 μέντοι

208 1607 264 1667 καί
287 1607 385 1681 οὕτως
407 1600 501 1680 Ἀκις
524 1605 574 1687 ἢν.
623 1605 696 1668 904.
723 1604 790 1668 ἰδοὺ
815 1604 850 1667 δέ
874 1606 913 1667 τά
929 1604 1056 1688 κύματα
1070 1603 1200 1689 τέμνων.
1248 1605 1303 1668 alti
1320 1626 1381 1668 om.

210 1712 284 1774 905.
310 1733 414 1795 nuper
437 1732 499 1775 om.
548 1713 622 1775 906.
647 1708 772 1792 haeret]
797 1711 982 1796 πίμπραται.
1024 1706 1158 1792 91οί11.
1183 1710 1248 1775 ἔστι
1271 1712 1307 1774 δέ
1323 1715 1383 1797 πρό

208 1827 266 1900 τῆς
289 1818 454 1902 θαλάττης
477 1818 699 1904 ὑπερμεγέθης
721 1819 858 1903 κορυφὴ,
884 1819 927 1894 εἰς
951 1815 1021 1902 μίαν
1045 1817 1177 1902 όξότητα
1201 1819 1380 1904 συνηγμένη

208 1928 265 1988 καί
290 1924 430 2011 δένδρεσι
467 1929 652 2011 συνηρεφὴς,
677 1925 868 2011 ἐκφερομένη
896 1928 974 2009 πρός
1003 1929 1042 1989 τὰ
1066 1929 1173 2010 μακρά
1196 1926 1323 2012 κύματα
1348 1957 1380 1976 =

207 2039 281 2096 ante
305 2032 423 2097 fretum
448 2039 496 2097 est
518 2034 633 2117 ingens
649 2033 775 2118 apicem
792 2029 1019 2114 conlectusffl)
1043 2033 1075 2096 in
1099 2054 1200 2096 unum
1223 2033 1321 2118 longa
1341 2035 1381 2098 ab

208 2140 376 2204 arboribus
389 2161 551 2204 convexus
558 2137 612 2222 223)
626 2141 666 2204 ad
679 2161 821 2224 aequora
833 2146 953 2203 vertex.
994 2139 1069 2204 918.
1082 2140 1116 2203 in
1132 2138 1287 2224 aequora]
1299 2146 1381 2206 κατά

206 2247 265 2330 τὴν
289 2247 471 2314 θάλασσαν.
520 2251 595 2312 921.
621 2248 704 2313 ἀλλὰ
728 2247 851 2332 δηλαδὴ
880 2257 918 2332 τη
946 2247 1065 2333 βαθείᾳ
1088 2247 1245 2332 θαλάττη,
1269 2249 1382 2326 ἐκδοὺς

207 2357 352 2439 ἐμαυτὸν,
369 2356 498 2420 τοσόνδε
514 2353 591 2419 κατ’
606 2356 704 2438 αὐτὴν
720 2357 850 2438 ἤσκουν.
895 2356 969 2419 998.
987 2354 1141 2438 φίλεργος.
1180 2357 1253 2419 941.
1272 2355 1379 2437 sucus]

204 2463 341 2547 ποιότης.
401 2465 465 2528 954
496 2486 580 2548 sqq.:
614 2465 729 2526 αὐτίκα
761 2460 789 2527 δ’
811 2464 848 2527 ἐκ
882 2469 985 2548 μερῶν
1022 2462 1176 2548 διαφόρων
1212 2463 1380 2547 συρρέουσι

204 2573 338 2654 ποταμοί
362 2573 418 2634 καί
441 2570 511 2634 ὅλαι
527 2570 689 2634 θάλατται
712 2571 772 2634 ὑπό
795 2571 853 2654 τὴν
875 2571 953 2654 ἐμὴν
972 2569 1201 2654 συστρέφοντοιι
1223 2569 1378 2654 κεφαλήν.

205 2678 316 2755 αἵτινες
339 2677 449 2761 ἐπειδή
476 2700 513 2762 με
537 2678 601 2762 όλῳ
624 2687 667 2762 τῷ
692 2677 811 2762 σώματι
835 2680 941 2761 ἕτερον
967 2677 1210 2742 ἀποδεδώκασιν
1233 2679 1254 2762 ἢ
1281 2688 1378 2764 μικρῷ

205 2784 349 2868 πρόσθεν
373 2784 424 2866 ἦν,
450 2785 523 2848 οὐδὲ
550 2787 613 2868 γάρ
643 2787 736 2849 αὐτόν
764 2784 886 2848 ἐκεῖνόν
915 2806 953 2869 με
976 2785 1026 2850 ἐπί
1049 2793 1120 2849 νοῦν
1143 2785 1249 2869 φέρω·
1287 2785 1378 2871 μέχρι

203 2893 266 2975 γάρ
290 2891 401 2956 τοότου
426 2914 476 2956 σοι
503 2895 542 2956 τά
568 2891 824 2977 μνημονευόμενα
847 2901 910 2955 τῶν
933 2893 1034 2976 ἐργων
1063 2892 1274 2976 ἀπαγγέλλειν
1303 2895 1377 2978 ἔχω,

204 2997 296 3084 μέχρι
325 3002 385 3084 γάρ
419 3000 530 3064 τούτου
565 3002 621 3062 καί
658 2999 906 3084 μέμνημαι,καί
940 3008 1003 3063 τῶν
1033 2999 1151 3063 λοιπῶν
1182 3002 1296 3063 οὔκουν
1327 3021 1377 3084 μοι

205 3105 392 3171 αἰσθάνεται
414 3107 435 3190 η
462 3106 595 3171 διάνοια.
644 3105 718 3168 963.
742 3100 926 3190 piunigcrc]
949 3105 1108 3189 πτερωτόν
1133 3135 1165 3154 =
1190 3106 1375 3190 pennigero.

291 3211 380 3277 XIV.
416 3217 532 3298 Ipost
565 3216 594 3276 5.
643 3215 672 3275 4.
697 3213 836 3296 liquerat
868 3233 929 3276 om.
988 3213 1038 3276 10.
1072 3212 1222 3278 ποικίλων
1254 3214 1374 3298 θηρῶν.

208 3315 295 3402 14l5.
321 3322 425 3404 ὁπόση
454 3323 515 3406 γάρ
542 3321 586 3396 τίς
614 3321 695 3385 ἐστιν
719 3321 740 3404 ἡ
764 3329 826 3384 τῶν
855 3319 1003 3405 βοτανῶν,
1028 3321 1053 3382 ῶ
1083 3317 1217 3401 Τιτανὶς,
1247 3321 1376 3406 δύναμις

204 3427 307 3492 οὐδενί
333 3428 553 3514 γνωνιμωτέρα
576 3429 598 3512 ἢ
624 3426 692 3513 ἐμοί
714 3427 782 3492 κτλ.
831 3427 882 3491 20.
909 3428 992 3491 ἀλλά
1007 3427 1094 3512 σόγε,
1111 3429 1141 3492 εί
1160 3427 1193 3490 τέ
1209 3450 1238 3491 τι
1260 3429 1375 3512 κράτος

202 3535 284 3598 ἐστὶν
321 3536 353 3599 ἐν
388 3546 455 3613 ταῖς
489 3533 632 3620 ἐπῳδαῖς.
681 3535 720 3598 ad
757 3537 798 3598 27
835 3535 924 3599 add.:
958 3538 1014 3619 τὴν
1051 3535 1190 3620 μοιχείαν
1226 3533 1374 3619 μηνύσας.

198 3642 254 3704 34.
280 3643 336 3705 καὶ
370 3653 517 3707 τοσοῦτον
552 3642 696 3727 ἐπῳδαῖς,
733 3643 806 3706 ὅσον
841 3643 895 3707 καί
928 3651 997 3718 ταῖς
1031 3641 1177 3726 βοτάναις
1212 3640 1373 3727 ἰσχύουσα.

146 3943 149 3954 Ι
290 3872 353 3939 222)
372 3868 469 3928 Etiam
487 3871 554 3927 XIV
567 3875 619 3928 352
638 3875 671 3928 ut
683 3873 810 3943 primum
824 3871 923 3927 valide
935 3873 1063 3927 mentem
1077 3872 1206 3942 conlegit
1221 3872 1258 3928 ab
1278 3873 1373 3942 aestu]

197 3964 256 4012 ἐπεὶ
274 3964 304 4014 δὲ
321 3966 412 4027 πρῶτα
430 3965 475 4013 τόν
493 3967 553 4014 νοῦν
571 3965 604 4013 ἐκ
630 3967 677 4014 τοῦ
696 3965 810 4027 σφοδροῦ
837 3963 968 4029 συνήγαγε
995 3962 1140 4025 καόσωνος,
1164 3960 1266 4016 codem
1287 3962 1372 4018 modo

201 4051 337 4120 colligere
356 4051 453 4121 vertit,
479 4067 546 4107 cum
574 4051 655 4108 nullo
684 4051 755 4121 quot
781 4050 901 4120 quidem
930 4051 991 4105 scio
1018 4050 1083 4106 Ioco
1111 4050 1146 4106 cI.
1166 4049 1209 4106 III
1229 4053 1271 4120 90,
1292 4052 1371 4121 042,

200 4140 253 4195 011
274 4142 333 4208 245,
353 4141 503 4211 0111413,
531 4144 593 4210 512,
611 4140 651 4196 XI
672 4143 715 4209 28,
743 4139 795 4195 IIII
820 4141 881 4208 506,
909 4139 970 4208 510,
999 4138 1142 4194 11111476
1170 4139 1302 4195 conicere
1330 4141 1372 4198 sic

199 4234 339 4287 vertatur.

288 4320 352 4388 223)
372 4321 466 4377 Etiam
488 4323 499 4377 I
520 4325 563 4391 26,
582 4322 622 4376 01
642 4325 693 4376 697
714 4335 861 4377 convexus
885 4319 957 4390 quid
976 4320 1047 4375 veIiI
1068 4320 1200 4376 nesciens
1224 4319 1371 4390 propriam

199 4410 468 4480 Interpretaticnem
490 4411 643 4466 circumiII.
