3410 5104
851 515 1025 580 --64-

348 736 422 800 251.
448 753 510 818 que
527 753 589 796 om.
622 731 696 796 258.
713 727 919 817 Ἀλκανδρον,
936 725 1056 814 Ἀλιον,
1073 730 1221 818 Νοήμονά
1236 754 1270 796 τε
1286 735 1339 796 καί
1355 731 1519 818 Πρύτανιν·

348 841 422 904 259.
458 843 513 905 σὺν
549 837 774 925 Θερσιδάμαντι
810 836 930 904 Θέωνα.
978 839 1052 903 260.
1089 840 1242 924 Χάρωπα.
1291 837 1402 923 264ί5.
1440 843 1519 907 haec

347 953 421 1012 sunt
445 945 587 1032 pectora]
623 942 705 1014 τοῦτ’
740 948 822 1011 ἔστιν
857 949 893 1011 τδ
928 955 1029 1031 σῶμα.
1077 948 1151 1011 270.
1182 969 1244 1031 que
1268 969 1331 1011 om.
1379 951 1454 1012 274.
1481 951 1518 1013 ad

348 1050 556 1137 „defensore“
588 1054 660 1118 add.
692 1050 829 1139 Ἕκτορι.
878 1056 952 1118 275.
977 1063 1020 1140 τῷ
1043 1045 1212 1141 Ἑκτορείιμ
1235 1055 1362 1140 πολέμῳ
1388 1096 1420 1114 =
1445 1057 1519 1120 hee-

345 1163 584 1226 toreo-marti.
619 1164 693 1226 216.
711 1164 764 1225 καί
780 1162 932 1248 ἡγεμόνος
952 1161 1005 1226 καί
1021 1163 1097 1247 ἐμοῦ
1112 1163 1212 1226 τοῦδε.
1246 1163 1319 1226 219.
1337 1163 1519 1228 κεκάκωται

345 1266 504 1354 ύἜκτωρ
524 1269 673 1355 τραύματι
694 1269 802 1334 ούδενί.
844 1268 955 1347 28314.
970 1269 1011 1346 ὡς
1031 1271 1072 1354 μὴ
1090 1272 1125 1334 τὸ
1138 1272 1271 1354 εύμηκες
1289 1271 1409 1335 ἐκείνου
1427 1281 1518 1356 σῶμα

345 1378 446 1463 γῆθεν
463 1375 608 1462 ἐποίραιμι
623 1376 742 1453 τούτοις
757 1386 820 1454 τοῖς
836 1376 940 1462 ὤμοις.
974 1376 1103 1453 Τούτοις
1119 1377 1196 1462 φημί
1211 1377 1280 1441 κτλ.
1321 1379 1396 1442 292.
1415 1377 1517 1442 Ocea·
1651 1410 1652 1432 ι

345 1483 436 1568 num]
454 1485 593 1570 ούρανύν.
635 1483 708 1546 293.
723 1484 881 1561 Πλειάδας
893 1486 989 1548 τεκαὶ
1001 1477 1122 1561 Ὑάδας.
1148 1484 1222 1546 294.
1240 1484 1295 1561 τοίς
1306 1507 1340 1549 τε
1352 1482 1518 1571 διαφόρους

344 1593 459 1670 πόλεις.
501 1594 573 1655 296.
589 1592 689 1656 δεινοῦ
705 1589 1036 1676 πολέμουπύὶιίθβ)
1078 1592 1152 1655 299.
1172 1589 1397 1675 si...vocas]
1415 1595 1517 1658 εί...
1652 1598 1653 1620 ¹

342 1700 442 1766 καλεῖ.
468 1699 543 1763 302.
568 1697 640 1780 illis]
664 1708 702 1783 τῇ
727 1699 782 1784 μέν
808 1738 840 1756 =
864 1699 919 1762 illi.
968 1698 1042 1761 303.
1067 1698 1154 1761 haud
1179 1695 1290 1779 tImeo]
1315 1701 1374 1763 οὐκ
1397 1702 1436 1766 ἂν
1461 1702 1518 1784 μέν

344 1811 398 1872 ούν
414 1807 573 1893 φοβοίμην.
615 1807 688 1871 312.
714 1810 767 1871 καί
790 1815 835 1892 τῷ
850 1807 995 1892 τιμήματι
1012 1847 1045 1867 =
1062 1809 1238 1892 pretioque.
1280 1808 1354 1870 313.
1371 1810 1425 1872 τὸν
1442 1807 1516 1872 Ποι-

343 1915 476 2000 αντίδην.
547 1911 680 1990 319120.
706 1917 820 1978 οὐκοῦν
848 1915 904 1998 ἥδε
928 1914 949 1998 ί)
974 1914 1091 2000 γνώμη,
1122 1916 1165 2001 μὴ
1194 1917 1286 2000 μόνον
1310 1919 1389 1980 ούσα
1412 1919 1515 1999 πιστὴ,

255 2051 257 2055 ’
343 2022 426 2086 ἀλλά
448 2044 484 2108 γε
507 2023 545 2107 δὴ
569 2026 623 2086 καί
646 2022 809 2106 εὐδαίμων,
835 2021 902 2100 ἅλις
926 2025 1035 2088 πιστδν
1058 2021 1135 2088 είναί
1158 2044 1195 2106 με
1216 2034 1305 2088 ποιεῖ.
1353 2025 1429 2088 824.
1447 2025 1517 2086 sine

236 2139 238 2145 '
343 2129 521 2211 frondibus]
547 2130 621 2215 δίχα
644 2139 762 2215 πηγῶν.
803 2129 876 2194 331.
903 2130 984 2194 forte
1010 2152 1071 2194 om.
1111 2137 1184 2215 post
1207 2131 1287 2194 331:
1312 2133 1365 2194 καί
1389 2131 1515 2215 ὡςέμοί

342 2240 425 2301 κατὰ
449 2247 506 2302 σού
528 2237 656 2322 γέγονεν
672 2237 805 2318 ἐξουσία,
829 2237 910 2302 υύτω
934 2239 988 2302 καί
1004 2258 1052 2314 σοι
1068 2233 1139 2303 κατ’
1155 2240 1230 2323 ἐμοῦ
1254 2238 1349 2322 γλίχη
1367 2237 1516 2322 γενέσθαι

342 2343 424 2428 ὅμως
448 2367 484 2409 σε
507 2343 740 2430 μετελεύσομαι,
765 2346 872 2431 πόρρω
895 2348 951 2430 τὴν
974 2349 1156 2431 σωματικὴν
1180 2345 1385 2430 ἀπωσάμενος
1409 2345 1515 2430 ῥύμην

341 2454 394 2516 καί
410 2461 559 2518 τοσοῦτον
574 2463 637 2517 τῶν
653 2462 716 2518 σῶν
732 2454 879 2538 κρατήσοι
897 2453 957 2538 (εἴη
975 2449 1003 2517 δ’
1020 2455 1147 2538 εὐμενὴς
1163 2453 1184 2537 ἡ
1201 2451 1295 2538 τύχη)
1313 2452 1423 2537 βελῶν,
1441 2437 1515 2517 ὅσον

340 2560 409 2624 κτλ.
442 2559 517 2624 338.
533 2562 587 2624 καί
603 2569 656 2626 νῦν
672 2560 689 2624 ὁ
705 2557 783 2637 Αἴας
798 2560 909 2625 έαυτδν
925 2562 992 2645 ἐμοί
1004 2559 1212 2645 παραβάλλειί
1225 2596 1261 2620 =
1274 2559 1513 2644 comparat.‘2¹⁴)

342 2666 416 2730 360.
442 2662 514 2731 ἀλλ’
537 2669 565 2730 οἱ
588 2666 705 2752 ἄριστοι
728 2669 785 2752 τὴν
807 2678 896 2752 χεῖρα
919 2669 971 2731 καί
994 2661 1067 2732 κατ’
1089 2667 1178 2732 ούδέν
1202 2689 1250 2731 σοι
1280 2666 1414 2752 δεύτεροι
1438 2670 1515 2752 πρὸς

340 2777 397 2852 τὰς
421 2775 522 2860 μοίχας
537 2786 599 2852 τοῖς
622 2775 705 2860 ἐμοῖς
728 2775 854 2854 ύπεῑξαν
876 2774 1072 2860 βουλεύμασι.
1120 2775 1194 2839 369.
1219 2772 1434 2858 VIgor--illis]
1458 2776 1514 2838 καί

340 2879 428 2968 ῥύμη
452 2893 538 2948 πᾶσα
562 2883 604 2960 είς
626 2883 743 2948 ἐκεῖνον
772 2881 828 2965 [se.
853 2881 994 2968 pectora]
1018 2893 1090 2947 νοῦν
1120 2881 1314 2968 ἀπήρτισται.
1354 2881 1428 2945 311.
1445 2883 1513 2947 ἀντὶ

339 2999 402 3054 τῶν
426 2991 459 3055 ἐν
482 3001 543 3067 τοῖς
566 2991 722 3068 τοσούτοις
745 2991 892 3068 ἐνιαυτοῖς
908 2991 1089 3076 φροντίδων,
1114 2992 1151 3068 ἃς
1173 2993 1229 3055 σύν
1253 2990 1346 3075 ὀδύνη
1370 2988 1511 3074 διήνυσα.

340 3103 413 3181 post
436 3098 513 3162 378:
546 3099 625 3163 εἴτι
647 3108 709 3164 τῶν
742 3108 855 3185 μοιρῶν
886 3109 941 3183 της
973 3097 1085 3184 Τροίας
1118 3100 1162 3162 έτι
1193 3109 1339 3182 περιεῖναι
1362 3097 1510 3182 νομίζετε.

340 3203 414 3268 383.
440 3203 489 3288 τε]
512 3206 592 3270 τότε.
625 3207 700 3271 892.
725 3208 745 3290 t
767 3207 805 3290 δὴ
826 3215 869 3291 τῷ
894 3206 1008 3290 σιδήρῳ
1031 3208 1149 3290 τρωτὸν
1172 3205 1352 3290 διεφαίνετο.
1389 3205 1429 3268 ad
1446 3204 1510 3269 398

339 3311 427 3376 adi:
458 3305 615 3397 Ὑακίνθῳ
640 3312 723 3397 λέγω
747 3315 800 3377 καί
824 3311 941 3378 Αἴαντι.
988 3319 1061 3397 post
1082 3314 1161 3376 40οι
1186 3311 1408 3396 διεπεραιώθη.
1448 3311 1510 3376 Καί

338 3418 438 3501 τέλος,
461 3422 565 3504 τυχὼν
597 3429 651 3484 τοῦ
678 3419 801 3505 λιμένος
824 3422 877 3483 καί
900 3427 955 3502 τῆς
978 3421 1081 3504 εὐχῆς,
1106 3421 1184 3504 αἴρει
1211 3423 1250 3483 τὰ
1274 3420 1353 3484 ἱστία
1376 3419 1444 3483 κτλ.
1454 3417 1509 3498 215)

338 3524 413 3590 402.
432 3521 560 3611 Graios]
578 3508 732 3612 Ἀχαιούς.
773 3526 848 3590 403.
866 3529 919 3590 καί
936 3526 1072 3612 βραδέως
1097 3528 1161 3611 μέν,
1186 3527 1267 3611 ὅμως
1291 3528 1325 3591 δέ
1347 3526 1509 3590 τελευταία

338 3642 381 3719 τῷ
397 3633 524 3719 πολέμῳ
540 3633 608 3719 χείρ
625 3633 771 3718 ἐπετέθη.
809 3633 884 3697 406.
908 3637 962 3698 καί
977 3634 1099 3718 χώρους
1114 3633 1294 3718 ἀλλοτρίους
1308 3670 1344 3694 =
1360 3655 1442 3698 oras.
1452 3631 1508 3714 216)

426 3793 490 3950 ἓύῗύ
509 3792 644 3938 gtInIelIlrle
658 3795 741 3938 {Ihm
760 3881 789 3936 in
807 3881 984 3944 παρατιθέναι
999 3880 1035 3935 VI
1040 3881 1052 3936 Ι
1066 3883 1128 3949 696,
1146 3881 1176 3936 In
1196 3883 1333 3948 συμφέρειν
1351 3879 1418 3936 XIII
1433 3883 1457 3950 6,
1476 3881 1506 3936 in

199 4034 201 4038 ι
337 3972 495 4024 ἀνατιθέναι
512 3970 579 4027 XIII
599 3971 632 4027 98
653 3971 748 4027 vertit.

427 4062 489 4129 215)
509 4061 635 4117 Exhibet
651 4061 742 4130 igitur
770 4063 837 4130 post
857 4078 883 4115 v.
903 4063 967 4116 400:
999 4060 1183 4128 „t1·ansierat;
1212 4060 1332 4116 tandem
1350 4061 1436 4130 portu
1456 4075 1505 4114 νο·

336 4153 425 4220 toque
443 4149 581 4221 potitus“,
600 4165 674 4221 quae
694 4151 784 4206 verba
803 4150 892 4206 etiam
910 4150 940 4204 in
962 4150 1025 4204 cod.
1045 4148 1185 4205 sithiensi
1204 4149 1239 4204 Μ.
1253 4153 1306 4205 610
1324 4149 1470 4219 leguntur.

426 4240 489 4307 216)
509 4239 549 4296 cf.
581 4240 603 4296 V
626 4241 676 4296 649
705 4239 858 4308 Scythicas
887 4239 1052 4295 advertitur
1079 4238 1156 4306 oras]
1181 4242 1248 4303 πρὸς
1277 4240 1338 4301 τούς
1357 4239 1504 4299 Σκυθικούς

334 4331 447 4396 χιύρους,
468 4329 507 4386 lx
522 4332 573 4386 255
602 4329 778 4386 caelestibus
806 4330 864 4386 orIS
884 4328 1037 4400 accipIam]
1068 4332 1106 4390 είς
1133 4331 1178 4380 τὸν
1197 4330 1309 4392 ούρανὸν
1335 4329 1504 4396 ἀναλήψομαι

335 4423 431 4488 χῶρον.
