3410 5104
823 433 1021 496 -2..

337 643 496 728 uadius,¹)
530 651 564 710 ut
595 644 741 710 omittam
773 642 938 712 levitatem
966 652 1087 710 temore
1120 645 1381 726 assentientium,
1414 645 1509 709 valde

336 751 482 817 mirarer.

426 858 490 923 Sed
512 859 702 945 priusquam
729 860 914 946 interpretis
942 858 1085 924 codicem
1110 859 1152 925 ad
1175 859 1388 926 recensendas
1412 859 1508 923 ldeta-

335 967 524 1053 morphoses
553 967 665 1033 utilem
693 989 764 1034 erse
786 968 933 1054 probem,
956 967 997 1033 de
1020 967 1167 1033 vertendi
1194 968 1320 1032 ratione
1347 967 1510 1053 agendum

334 1080 399 1154 est;
437 1053 529 1140 cuius
568 1096 652 1160 quae
690 1075 776 1162 apud
814 1074 994 1140 Planudcm
1033 1075 1231 1140 consuetudo
1269 1075 1320 1154 sit,
1356 1075 1510 1160 quoniam

337 1180 488 1248 Alfredus
528 1180 774 1263 (ludemauusl)
818 1183 895 1248 satis
934 1181 1129 1270 explanavit,
1167 1203 1228 1268 ego
1266 1182 1378 1268 paucis
1408 1181 1509 1261 lineis

334 1287 545 1354 adumbrabo.
593 1289 723 1354 Scilicet
745 1287 926 1355 Plauudem
949 1290 1085 1355 verbum
1112 1310 1171 1375 pro
1194 1289 1293 1355 verbo
1322 1288 1508 1369 reddidisse,

333 1395 463 1481 singula
488 1417 585 1483 saepe
615 1395 787 1462 infeliciter
814 1396 1025 1483 expediisse,
1053 1396 1166 1484 paucis
1193 1396 1347 1484 exemplis
1375 1395 1508 1461 demon-

334 1509 468 1569 stratur:

423 1611 475 1676 Ill
495 1613 571 1676 10⁶1:
592 1610 762 1698 primaque
779 1612 819 1676 dc
836 1610 933 1676 sulcis
949 1613 1034 1677 acies
1051 1612 1202 1698 apparuit
1217 1611 1329 1676 hastae
1345 1649 1381 1672 =
1396 1611 1506 1695 πρώτη

336 1721 392 1806 μὲν
419 1717 544 1804 φάλαγξ
575 1719 613 1784 ἐκ
640 1728 699 1804 τῆς
731 1719 871 1797 αὔλακας
903 1721 1055 1806 ἀνεφάνη,
1084 1717 1212 1806 δόματα.
1260 1718 1385 1784 Habuit
1411 1719 1510 1804 igitur

338 1824 462 1908 „acies“
502 1847 561 1910 pro
600 1827 729 1912 agmine
768 1833 800 1891 et
841 1825 991 1908 „hastae“
1032 1829 1065 1892 in
1105 1826 1222 1914 plurali
1260 1846 1331 1891 esse
1368 1827 1508 1910 positum

334 1933 468 2020 putavit.

423 2038 470 2104 IV
487 2042 565 2104 277:
591 2061 688 2126 quem
712 2041 854 2128 nymphe
877 2042 988 2128 pelicis
1011 2042 1059 2106 irn
1083 2041 1218 2106 contulit
1240 2041 1273 2105 iu
1294 2062 1407 2106 saxum
1423 2077 1459 2101 =
1474 2041 1508 2106 ὃν

333 2149 355 2233 ἡ
386 2149 469 2214 κατά
501 2169 583 2225 τινος
615 2146 748 2236 Νύμφης
780 2148 960 2236 μοιχαλίδος
996 2147 1073 2235 ὀργὴ
1106 2151 1149 2226 εἰς
1182 2147 1274 2214 λίθον
1307 2147 1506 2234 μετήνεγκεν.

338 2253 525 2340 „Nymphe“
552 2257 638 2321 euim
661 2257 848 2342 genetivum
872 2262 905 2321 et
930 2255 1016 2338 „ira“
1043 2257 1278 2332 nominativum
1301 2257 1436 2341 putavit.

422 2360 473 2428 HI
497 2362 576 2428 454:
601 2363 679 2449 quid
701 2383 764 2445 mc,
788 2385 870 2449 puer
885 2365 989 2445 unice,
1005 2362 1112 2428 fallis?
1128 2399 1165 2424 =
1179 2363 1208 2428 τί
1225 2385 1273 2448 με,
1289 2372 1354 2438 παῖ,
1372 2360 1507 2447 μονώτα-

334 2487 387 2535 τον
410 2471 601 2555 φενακίζεις;
626 2469 801 2536 Ooniuuxit
823 2469 923 2556 igitur
947 2470 1079 2552 „unioe“
1107 2491 1180 2535 cum
1206 2470 1342 2552 „fallis“.

423 2575 488 2642 VII
511 2580 569 2643 49:
603 2585 635 2643 te
668 2579 741 2644 face
770 2578 918 2644 sollemni
945 2577 1058 2662 iunget
1085 2577 1146 2642 sibi
1173 2615 1210 2638 =
1236 2578 1317 2644 ποίει
1344 2587 1506 2662 τοιγαροῦν

333 2685 417 2764 ὅπως
450 2686 550 2772 {aurp
582 2686 723 2773 χαίροντί
753 2709 790 2751 σε
814 2686 959 2770 συνάψαι,
1010 2681 1133 2766 „Faoe“
1167 2685 1394 2771 imperativum
1418 2682 1508 2748 verbi

333 2793 475 2858 faciendi
498 2815 568 2858 esse
590 2794 726 2878 putavit.

424 2899 488 2966 VII
504 2902 561 2966 84:
580 2909 619 2966 ct
634 2923 712 2966 casu
728 2901 822 2967 solito
839 2902 1011 2966 formosior
1026 2902 1155 2966 Aesone
1173 2907 1266 2965 natus
1282 2901 1338 2966 illa
1356 2901 1430 2965 luce
1446 2898 1506 2962 fnit

336 3045 369 3067 =
393 3011 457 3085 καί,
481 3009 565 3072 κατά
588 3029 626 3092 γε
653 3007 690 3074 τὸ
718 3008 896 3094 συμβαίνειν
922 3009 1045 3086 etnam,
1074 3008 1355 3094 περικαλλὲστερος
1383 3007 1506 3088 ἑαυτοῦ,

333 3122 391 3198 τῆς
417 3115 535 3202 ἡμέρας
562 3116 692 3201 ἐκείνης,
722 3117 738 3180 ὁ
765 3125 821 3181 τοῦ
851 3115 981 3194 Αἴσονος
1008 3115 1118 3202 γέγονε
1145 3125 1228 3191 παῖς.
1275 3115 1382 3180 Pravo
1409 3116 1508 3199 igitur

337 3221 471 3302 „solito“
497 3244 571 3287 cum
597 3219 713 3302 „cnsu“
740 3225 915 3289 coniunxit.

425 3329 477 3394 IX
499 3332 579 3396 429:
604 3326 631 3394 εο
656 3332 757 3395 nostri
781 3331 873 3416 siqua
897 3339 945 3395 cst
968 3327 1174 3409 'reverentia',
1196 3329 1284 3410 dixit,
1308 3326 1382 3414 ‘quo
1406 3325 1507 3394 ruitis'

337 3477 370 3497 =
394 3433 430 3502 ‘dr
454 3434 614 3524 ἡμέτεραί,
639 3441 732 3524 φησίν
756 3441 785 3503 εἴ
805 3440 850 3516 τίς
874 3442 958 3504 ἐστιν
983 3439 1085 3519 αἰδὼς,
1108 3448 1164 3502 ποῖ
1189 3437 1342 3522 φὲρεσθε;
1367 3436 1404 3500 Iu
1428 3457 1506 3500 voce

336 3544 478 3626 „nostri“
504 3545 612 3630 lapsus
634 3553 694 3614 est.
1549 3623 1554 3634 Ι

424 3651 475 3716 ΧΙ
499 3654 577 3716 513:
610 3653 679 3717 ibat
710 3654 742 3717 iu
776 3675 867 3717 arma
899 3649 1084 3736 ralis=ri
1113 3663 1189 3728 ναῦς
1216 3655 1267 3736 ᾔει
1296 3654 1371 3736 πρὸς
1403 3652 1505 3716 ὅπλα..
1560 3667 1562 3670 “

341 3757 477 3841 „Ratis‘t
514 3761 630 3844 igitur*
650 3783 707 3846 pro
743 3761 940 3825 nominativo
975 3759 1088 3823 habuit
1121 3781 1225 3844 neque
1263 3759 1391 3840 „arurn“
1429 3737 1529 3842 quid·

336 3867 481 3931 valerent
503 3867 593 3932 vidit.

429 4137 453 4202 l)
473 4135 513 4191 cf.
533 4135 624 4205 praef.
643 4149 709 4204 pag.
728 4135 773 4190 Xl.

427 4223 455 4286 a}
474 4223 612 4280 Allrcdus
640 4223 804 4280 Gudemau:
835 4224 877 4278 ue
905 4221 1062 4278 Heroidnm
1089 4222 1186 4278 Ovidii
1215 4221 1320 4278 Codice
1349 4221 1506 4278 Planudco.

337 4313 411 4367 Diss,
432 4313 525 4369 Berol.
547 4316 614 4369 1888
633 4329 659 4382 p.
680 4317 771 4384 osqq.
