3410 5104
804 496 1002 559 ..6-

316 789 320 796 ,
429 711 494 774 646
655 699 767 794 riguus
956 709 1052 774 vertit
1073 708 1108 773 in
1123 706 1263 795 εὐθαλὴς

428 819 491 881 647
654 815 747 882 lurae
1004 865 1020 901 ‚‚
1083 866 1099 899 ,‚
1125 815 1225 901 ἰκρίον

357 922 406 988 IX
429 923 494 988 417
652 923 803 1011 privigna
1003 972 1018 1004 „
1080 973 1096 1005 „
1121 911 1260 1008 π’ροῨόνη

370 1029 402 1094 Χ
449 1030 492 1094 70
652 1028 871 1096 iunctissimus
1004 1079 1019 1112 „
1082 1079 1098 1111 „
1123 1029 1334 1115 εὐαφέστατος

450 1137 494 1202 74
655 1136 821 1223 squalidus
1004 1186 1020 1217 „
1082 1138 1293 1224 „ansonem

448 1245 490 1310 95
651 1245 802 1330 platanus
827 1245 963 1331 genialis
1000 1294 1016 1328 ‚,
1078 1294 1094 1326 „
1119 1244 1276 1324 πλάτανος
1289 1246 1366 1332 πρὸς
1381 1243 1496 1329 κλίνην

1170 1351 1315 1438 ἁρμόδιος

318 1457 404 1525 XIII
428 1459 492 1526 337
655 1459 830 1545 penetralis
1005 1510 1020 1542 „
1083 1509 1099 1542 „
1126 1458 1284 1544 διοπετὴς·

405 1553 491 1633 Ι783
654 1573 808 1633 antemna
1003 1618 1019 1650 „
1080 1617 1096 1648 ,‚
1123 1567 1203 1650 οἴαξ,

319 1696 395 1740 oum
418 1669 498 1738 xlv
524 1673 589 1738 554
612 1679 785 1740 antemnae
807 1675 842 1740 in
864 1675 1002 1760 πηδάλια
1024 1680 1140 1756 vertat,

396 1765 503 1846 901.
519 1780 600 1846 XIV
614 1782 679 1849 368
693 1782 822 1849 bibulus
887 1791 890 1796 '
982 1783 1079 1848 vortit
1100 1783 1135 1847 in
1150 1779 1266 1862 ξανθὸς

318 1888 483 1980 simultis
505 1887 596 1972 loeis,
620 1889 661 1954 de
689 1890 807 1977 quibus
833 1891 868 1956 in
896 1891 943 1955 eis
970 1911 1054 1977 quae
1081 1893 1257 1974 sequentur
1284 1887 1413 1954 dioendi
1436 1887 1497 1952 da·

317 1979 410 2061 bitur¹
428 1996 564 2062 occasio.

408 2120 491 2187 (lum
523 2122 588 2187 iam
616 2123 698 2188 hasa
722 2124 824 2190 verba
846 2122 986 2188 Planudi
1013 2142 1133 2208 magno
1160 2122 1225 2188 sint
1250 2121 1498 2208 impedimento,

317 2235 427 2294 tamen
448 2229 553 2314 magis
576 2230 610 2295 in
632 2231 786 2296 arborum
801 2231 986 2297 nominibus
1001 2229 1185 2315 ignorantia
1206 2229 1344 2316 linguae,
1354 2225 1498 2294 Latinae

317 2336 510 2402 obcaecatus
532 2335 643 2423 lapsus
666 2343 724 2403 est.

405 2461 546 2528 Nomina
584 2462 681 2544 enim,
720 2484 803 2549 quae
841 2469 968 2529 vertere
1014 2463 1126 2545 nosoit,
1164 2462 1198 2527 in
1241 2461 1358 2526 lacuna
1396 2480 1496 2546 saepe

317 2569 446 2650 omittit,
469 2575 505 2634 ut

406 2691 454 2758 IV
482 2696 547 2761 432
586 2700 676 2777 taxo,
705 2694 770 2760 VH
801 2698 866 2760 242
905 2695 1069 2774 verbenis,
1102 2693 1167 2758 VII
1199 2694 1265 2759 468
1304 2693 1495 2776 monedula,

316 2800 399 2866 VIII
426 2802 491 2868 336
523 2803 629 2882 ulvae,
657 2801 740 2867 VIII
763 2804 828 2868 620
860 2803 959 2885 tiliae,
990 2802 1025 2866 X
1048 2805 1088 2867 91
1126 2823 1195 2889 sqq.
1230 2801 1406 2867 multarum
1440 2821 1494 2865 ar·

316 2909 433 2974 borum
465 2910 608 2991 nomina,
639 2909 674 2974 X
697 2911 761 2976 555
789 2910 939 2997 populus,
971 2909 1039 2974 XII
1063 2909 1127 2975 339
1156 2929 1283 2989 ornum,
1315 2905 1400 2973 XIII
1428 2908 1495 2972 790

316 3017 401 3092 alno,
425 3015 510 3081 XIII
531 3017 595 3082 816
619 3016 712 3103 fraga
734 3023 767 3082 at
790 3018 818 3082 si
837 3023 966 3083 vertere
990 3021 1135 3100 conatur,
1158 3017 1243 3081 inter
1265 3037 1300 3081 se
1323 3015 1495 3102 aliquoties

316 3129 489 3208 permutat,
512 3131 549 3188 ut

476 3249 524 3313 IV
548 3250 613 3314 299
637 3270 697 3314 nee
720 3249 845 3315 steriles
868 3249 963 3314 ulvae
986 3249 1084 3314 vertit
1105 3249 1140 3314 in
1155 3243 1222 3313 οὐδ’
1246 3251 1342 3332 ἄγνον

551 3356 614 3421 397
638 3356 774 3443 palmas,
797 3357 971 3442 pampinus
1034 3406 1050 3437 „
1115 3405 1131 3437 „
1158 3355 1222 3434 ἕλιξ

549 3465 625 3530 487.
649 3462 717 3528 ΧΠ
740 3465 805 3529 954
829 3483 962 3528 acernae
1032 3513 1048 3543 „
1114 3513 1129 3544 „
1156 3461 1278 3542 ὀξυίνας

491 3571 611 3636 11590
824 3571 963 3656 populus
1033 3621 1049 3652 „
1116 3621 1133 3652 „
1159 3570 1258 3655 ἐλάτη

471 3677 521 3743 XI
567 3679 609 3744 86
822 3678 933 3742 vineta
1034 3728 1050 3758 „
1115 3728 1131 3758 „
1155 3677 1244 3754 πίτυς

316 3810 349 3868 et
370 3803 418 3868 IV
434 3803 512 3886 331,
536 3825 610 3868 oum
634 3803 711 3889 qnid
732 3803 893 3890 significet
917 3803 1085 3890 „apricus“
1109 3803 1243 3884 neseiat,
1258 3803 1359 3869 verba
1373 3803 1492 3869 Latina

314 3922 378 3988 τοῖς
402 3911 510 3997 μήλοις
531 3921 586 3977 τοῦ
609 3911 814 3998 χαριεστάτου
838 3910 970 3996 δένδρου
1000 3909 1260 3996 oiroumsoripsit.
1306 3909 1390 3990 Aliis
1411 3910 1494 3976 loeis

315 4019 540 4086 tantummodo
564 4020 690 4084 litteras
713 4019 818 4101 vertit,
842 4024 879 4083 nl
900 4017 949 4084 IV
962 4019 1005 4085 90
1021 4028 1132 4105 μῶρος,
1150 4015 1289 4084 1111677
1307 4016 1490 4104 φράξινος.6)

406 4285 435 4353 6)
454 4285 502 4343 Sio
525 4285 615 4342 etiam
633 4285 724 4343 V389
743 4285 809 4342 velo
827 4285 858 4341 ln
881 4286 962 4356 βηλῷ,
979 4283 1071 4342 11595
1090 4284 1188 4342 velum
1212 4285 1242 4341 in
1267 4286 1354 4356 βῆλος,
1374 4283 1425 4341 Vll
1438 4284 1493 4340 135

313 4377 436 4434 colonus
458 4374 490 4432 in
508 4376 627 4438 κολωνὸς
645 4376 744 4432 vertit.
