3410 5104
688 481 731 488 -
773 429 820 509 ²13
867 483 910 491 -

209 663 231 745 ἢ
256 661 347 726 τοῦδε
370 661 425 723 καί
457 658 570 738 έδειξεν
600 661 704 744 ἄμφω.
751 658 827 726 592.
851 661 961 746 καῦμά
992 683 1026 725 τε
1057 665 1118 747 γὰρ
1149 665 1203 727 καί
1235 663 1324 748 ἥλιος
1354 666 1391 729 ἐν

211 767 296 853 μέσῳ
319 775 364 852 τῷ
389 767 511 851 οὐρανῷ
535 773 587 830 νῦν
610 765 695 830 ἐστίν
720 765 929 851 ὑψηλότατος.
969 765 1045 832 598.
1069 771 1109 833 τὰ
1131 765 1258 833 Λυκαῖα
1280 770 1384 835 πεδία.

210 877 285 940 604.
309 874 440 958 ᾔσθετο.
488 873 562 936 615.
584 871 661 949 Ζεύς
684 873 718 937 δέ
741 874 937 958 ψευσάμενος
962 913 994 934 =
1021 874 1183 939 mentitus.
1232 877 1306 940 641.
1331 880 1390 941 καί

211 983 324 1065 έαυτην
352 978 487 1044 δείσασα
514 977 680 1064 φεύγειύθ)
723 979 799 1044 642.
824 979 966 1064 ignorat]
990 981 1159 1067 θαυμάζει.
1200 978 1311 1064 65475.
1336 986 1388 1059 σύ,

209 1091 263 1152 καί
287 1087 454 1172 εὑρεθεῖσα
477 1096 541 1169 νῦν,
565 1089 626 1173 οὐχ
648 1087 793 1172 εὑρέθης.
837 1087 1040 1174 Κουφότερον
1062 1086 1104 1176 ἦν
1124 1110 1175 1174 μοι
1197 1091 1233 1154 τὸ
1256 1089 1384 1167 πένθος.

210 1197 284 1261 660.
310 1215 396 1260 nune
420 1191 474 1276 de]
498 1196 553 1258 καί
576 1191 618 1274 ἐξ.
660 1195 773 1280 66475.
789 1205 918 1260 τοιαῦτα
933 1181 1134 1282 ὀδυρομένὸυ,
1159 1194 1389 1282 ὀκατάστερος

208 1300 328 1388 Ἀργος
358 1302 416 1385 τὴν
440 1302 537 1366 παῖδα
559 1301 742 1388 ἐξοίστρησε
764 1305 819 1368 καί
841 1312 897 1368 τοῦ
920 1306 1040 1388 πατρὸς
1064 1304 1284 1389 ἁρπασθεῖσαν
1307 1307 1389 1389 πρὸς

209 1410 316 1494 ἑτέρας
332 1407 395 1474 είλε
411 1409 516 1493 νομάς.
558 1410 632 1473 666.
650 1406 739 1491 inde]
756 1409 820 1475 καί.
862 1406 973 1495 67617.
992 1409 1050 1476 είσι
1066 1407 1103 1490 δ’,
1120 1411 1229 1497 οίοίπερ
1245 1410 1383 1488 αἰπόλος,

209 1521 265 1605 σύν
277 1515 433 1603 χιμαίραις
445 1516 496 1581 διὰ
508 1513 672 1601 δυσβάτων
683 1516 788 1582 τύπων
800 1517 927 1600 ἰούσαις,
943 1520 998 1582 καί
1015 1527 1134 1594 στενοῖς
1150 1517 1272 1597 δύναξιν
1285 1517 1383 1582 αύλεῖ.

210 1627 285 1691 678.
310 1626 327 1690 ὁ
350 1611 450 1690 τοίνυν
466 1617 592 1710 Ἡραῖος
616 1624 729 1709 φύλαξ,
754 1625 849 1702 ἁλούς
871 1635 915 1711 τῷ
940 1625 1026 1710 μέλει
1048 1636 1103 1711 τῆς
1125 1635 1237 1710 καινῆς
1259 1625 1386 1711 τέχνης.

118 1775 119 1780 1
209 1735 283 1797 679.
294 1729 437 1817 poteras]
451 1731 537 1816 δύνῃ.
562 1731 637 1796 680.
649 1731 756 1816 Argus
767 1753 829 1796 orn.
852 1732 926 1796 689.
940 1743 1116 1817 τηνικαῦτα
1126 1733 1300 1818 γοῦνύτῆς
1311 1728 1387 1818 Ἀρ-

207 1839 319 1916 καδίας
334 1839 420 1921 θεὸς,
436 1831 506 1903 τἘν
521 1849 583 1916 τοίς
603 1838 818 1923 παγετύδεσιν
838 1835 951 1924 ὄρεσιν’
970 1837 1064 1904 είπεν.
1100 1836 1212 1922 69244.
1226 1841 1286 1925 οὐχ
1297 1839 1383 1918 ἅπαξ

203 1950 261 2012 καὶ
284 1947 441 2032 Σατύρους
465 1945 624 2024 ένέπαιξεν
653 1945 788 2031 ἑπομένη
818 1946 924 2030 έκείνη
952 1946 1008 2010 καί
1030 1968 1116 2024 τινας
1139 1949 1177 2032 δὴ
1200 1957 1261 2012 τῶν
1284 1947 1381 2011 θεῶν.

206 2053 355 2139 Σκιερούς
380 2055 415 2118 δέ
438 2055 570 2139 δρυμούς
593 2056 650 2117 καί
673 2057 745 2130 τούς
768 2053 900 2140 ἐρήμους
923 2055 1037 2140 ἀγρούς
1060 2053 1134 2140 εἶχε,
1158 2057 1215 2138 την
1239 2054 1386 2140 ὀρτυγίαν

205 2183 239 2228 τε
262 2170 325 2240 τοῖς
350 2164 451 2246 ἀγῶσι
474 2163 529 2224 καί
553 2163 651 2246 αὐτὴν
666 2161 757 2246 ἐτίμα
772 2171 809 2246 τῇ
824 2159 981 2247 παρθενίᾳ
1003 2162 1062 2246 τὴν
1085 2159 1172 2226 θεύν.
1213 2162 1287 2226 710.
1305 2182 1382 2225 con·

207 2267 330 2351 cilium]
356 2266 554 2354 διατριβὴ.37)
595 2269 670 2333 730.
696 2268 797 2333 ardua
821 2290 884 2333 om.
925 2270 1000 2333 746.
1025 2271 1080 2333 καὶ
1103 2265 1250 2333 δειλιῶσα
1265 2267 1384 2354 μεταξύ

206 2376 496 2466 παρακεκομμένων
524 2385 585 2442 τῶν
608 2375 711 2461 λόγων
736 2377 910 2462 ἀφίσταται.
952 2378 1026 2440 747.
1051 2385 1095 2462 τῷ
1118 2374 1253 2461 Νειλαίῳ
1277 2375 1383 2461 δήμῳ.

208 2485 282 2546 751.
307 2483 457 2547 Φαέθων.
551 2477 553 2482 ’

294 2588 338 2652 II.
364 2590 394 2651 3.
423 2586 566 2672 tegebat]
595 2589 797 2674 κατεκόσμει.
846 2591 876 2654 8.
903 2589 1068 2671 canorum]
1093 2589 1210 2655 πολιόν.
1261 2592 1311 2652 11.
1337 2586 1384 2653 ὧν

206 2697 240 2759 αἱ
262 2698 317 2777 μὲν
349 2693 509 2780 νήχεσθαι
541 2697 697 2760 δοκοῦσιν.
749 2698 798 2760 19.
823 2699 919 2782 ούπερ
943 2701 1010 2780 ἅμα
1040 2719 1075 2762 τε
1102 2697 1219 2780 ἐπέστη
1252 2697 1303 2760 έπί
1326 2698 1383 2760 τὸν

205 2802 327 2888 ὑψηλὸν
351 2801 442 2867 cerev
467 2842 500 2861 =
525 2824 588 2888 quo
612 2803 707 2866 simul
731 2803 906 2868 adclive..
926 2805 1070 2868 ‚limine
1119 2805 1171 2868 26.
1197 2801 1380 2867 et—Horae

205 2931 268 2973 om.
317 2911 369 2974 28.
395 2907 542 2994 gerebat]
567 2910 720 2994 στέφανον
744 2908 889 2995 φέρονῧθ)
912 2911 1089 2996 ἀσταχύων.
1137 2909 1383 2994 3616161οω

204 3015 344 3100 medius]
363 3019 400 3082 ἐκ
417 3019 452 3082 δέ
477 3017 572 3103 μέσου
587 3015 708 3082 κείνων.
753 3019 805 3081 57.
823 3018 872 3081 fas
889 3015 950 3100 est]
967 3017 1125 3098 ἔξεστιῧθ)
1158 3019 1211 3082 61.
1227 3017 1298 3080 fera
1314 3037 1380 3080 om.

205 3128 258 3188 62.
282 3147 347 3190 non
372 3123 460 3210 agat]
484 3127 544 3188 ούκ
567 3127 605 3189 ἂν
628 3123 861 3208 διεξαγοίγοι.40)
909 3127 961 3188 64.
986 3125 1008 3209 ἡ
1034 3126 1069 3189 δέ
1090 3125 1170 3211 μέση
1193 3123 1376 3209 ὑψηλοτάτη

294 3346 340 3414 36)
353 3345 512 3403 Externate
525 3361 592 3402 eum
605 3347 754 3402 invenisse
767 3347 880 3416 opinor,
894 3346 964 3416 quia
977 3347 1123 3402 exterrere
1139 3345 1170 3401 in
1183 3346 1381 3412 καταπλήττειν

204 3436 216 3490 Ι
235 3437 296 3506 638,
316 3436 415 3500 V418,
428 3437 458 3491 in
477 3437 598 3501 ἐκφοβεῖν
616 3435 683 3491 XIII
703 3439 756 3492 710
774 3435 870 3492 vertit.

292 3526 338 3593 37)
359 3525 435 3593 Quid
461 3526 617 3594 invenerit,
643 3527 706 3582 erui
734 3541 792 3582 non
819 3528 924 3595 potest.
962 3525 1036 3581 Nam
1060 3524 1218 3582 eonsilium
1241 3524 1270 3580 in
1295 3523 1380 3590 βουλή

205 3615 306 3683 11146,
333 3615 372 3671 VI
390 3617 434 3684 30,
457 3615 524 3674 VIII
544 3618 606 3684 561,
628 3615 695 3671 XIII
714 3618 774 3683 205,
795 3615 951 3671 concilium
974 3615 1004 3670 tn
1029 3615 1109 3682 βουλή
1128 3614 1140 3670 Ι
1156 3617 1215 3682 167,
1233 3612 1301 3669 XIV
1315 3614 1375 3679 812,

204 3704 252 3761 XV
265 3707 327 3773 045,
346 3705 377 3760 in
397 3708 526 3770 συνέδριον
544 3705 569 3759 X
585 3709 643 3773 144,
663 3705 842 3774 colloquium
864 3705 896 3760 in
919 3708 1005 3756 κοινοί
1023 3705 1101 3771 λόγοι
1123 3703 1187 3760 XIII
1206 3705 1258 3758 552
1278 3701 1378 3758 vertIt.

293 3795 339 3861 38)
360 3794 463 3850 Utrum
482 3795 603 3864 gerebat
630 3809 667 3849 an
695 3795 809 3850 ferebat
826 3794 983 3861 invenerit,
1010 3793 1170 3849 diiudicari
1193 3807 1250 3848 non
1270 3793 1375 3862 potest,

207 3899 269 3939 eum
289 3886 447 3954 utrumque
465 3885 496 3939 in
515 3887 602 3950 φερειν
621 3886 725 3940 vertat.
762 3883 803 3939 61.
823 3881 934 3953 gerere]
955 3883 1081 3952 911695,
1101 3883 1138 3950 IV
1152 3885 1213 3951 681,
1233 3884 1294 3951 782,
1313 3885 1379 3950 799,

206 3977 233 4026 et
250 3971 336 4042 ferre]
358 3974 456 4038 7620,
476 3972 514 4029 VI
529 3975 587 4041 175,
606 3972 645 4028 XI
658 3976 719 4028 442.

291 4063 337 4130 39)
358 4063 399 4118 61.
419 4062 456 4118 lX
476 4065 527 4118 749
551 4063 630 4131 quod
653 4063 698 4118 fas
722 4061 777 4130 est]
803 4063 817 4112 ο
836 4078 868 4128 γε
890 4065 980 4127 ἔξεστι,
1000 4061 1095 4118 11645
1114 4061 1159 4117 fas
1179 4059 1245 4131 erIt]
1265 4063 1373 4127 ἐξέσται,

206 4150 311 4208 111386
330 4152 375 4208 fas
393 4168 452 4208 non
473 4151 527 4220 est]
548 4154 597 4203 οὐκ
615 4155 719 4214 ἔξεστιν.

288 4243 335 4309 40)
354 4241 396 4296 Ne
415 4242 464 4297 hic
484 4242 603 4312 quidem
623 4241 694 4310 quid
712 4241 859 4299 Planudes
883 4241 1037 4310 invenerit,
1061 4256 1113 4311 pro
1133 4242 1212 4297 certo
1231 4238 1374 4296 affirmari

207 4333 305 4398 potest.
344 4331 427 4387 Certe
451 4331 583 4386 futurum
606 4330 722 4401 proprie
741 4331 838 4399 vertit,
857 4332 890 4387 ut
911 4331 949 4386 IV
964 4333 1015 4387 108
1034 4331 1166 4398 ἀπολέσει,
1186 4333 1238 4386 284
1256 4329 1375 4396 καθέξω,
