3410 5104
830 469 1006 532 -60-

337 691 398 747 τῶν
422 682 547 767 ἐχθρῶν
572 683 683 745 τεκαὶ
713 680 832 746 ἑαυτῶν
857 680 993 759 διεξίασι.
1046 682 1117 744 167.
1142 703 1161 744 a
1186 678 1332 762 vulnere]
1357 683 1434 766 πρός
1458 683 1519 756 τὰς

336 789 470 873 πληγάς.
519 786 653 870 terebat]
690 790 790 874 ἔφερε.
851 789 921 854 175.
958 799 1147 872 συγκινεῖται
1181 790 1263 864 όστις
1298 789 1338 872 δή
1374 788 1518 874 πάρεστι.

341 898 412 960 176.
438 897 541 962 δεῖται.
593 897 663 960 177.
695 893 857 978 voluntas]
888 893 1108 981 ἐπιθυμίαῑθθ)
1163 896 1223 959 179
1264 895 1308 972 τίς
1336 893 1352 957 ὁ
1380 894 1519 971 Καινεύς

338 1004 484 1090 ἐγεγόνει.
546 1004 617 1068 180.
643 1005 675 1069 έν
709 1004 787 1088 ποίῳ
824 1005 928 1089 μάχης
963 1006 1069 1088 ἀγῶνι.
1122 1001 1228 1084 18516.
1254 1001 1440 1086 iuter—tot]
1479 1003 1519 1067 ἐκ

338 1111 494 1176 τοσούτων
518 1114 617 1196 ἔργων
640 1108 820 1196 πολεμικῶν
849 1112 926 1196 ὁμοῦ
949 1114 1003 1175 καὶ
1026 1122 1087 1177 τῶν
1114 1122 1169 1196 της
1192 1111 1291 1188 οἰκίας
1316 1137 1358 1164 =
1382 1110 1518 1176 domus-

341 1216 475 1302 que.¹⁹⁹)
528 1219 632 1299 19012.
662 1219 821 1304 παρθένος
844 1220 1115 1304 περικαλλεστάτη
1143 1226 1205 1283 τῶν
1229 1217 1435 1286 Θεσσαλίδων
1458 1220 1518 1282 καί

340 1326 391 1392 διά
428 1348 462 1392 τε
501 1336 562 1392 τῶν
602 1327 827 1412 ἀστυγειτόνων
872 1330 927 1391 καί
965 1337 1027 1392 τῶν
1066 1337 1129 1392 σῶν
1168 1328 1290 1392 πόλεων
1329 1328 1515 1413 περίφημος,

331 1432 414 1521 Αχιλ
429 1434 493 1511 λεῶ,
519 1438 572 1501 καί
595 1436 721 1501 πολλῶν
745 1435 935 1521 μνηστήρων
959 1438 1064 1521 εὐχαῖς
1087 1436 1252 1520 Ιτηνάλλως
1275 1435 1330 1499 καί
1355 1437 1397 1512 εἰς
1420 1437 1516 1500 οὐδέν

334 1542 531 1608 ἐλπισθεῖσα.
584 1540 692 1627 19516.
710 1544 742 1606 iu
760 1542 1055 1624 ullos-thalamos]
1074 1545 1106 1607 έν
1122 1550 1185 1620 τοῖς
1201 1543 1319 1608 ἐκείνου
1340 1543 1514 1628 θαλάμοις.

337 1647 481 1730 1981200
503 1671 564 1713 om.
606 1647 717 1734 20213.
741 1653 790 1715 ἵνα
805 1651 906 1715 τοίνυν
923 1648 1080 1736 μηδέποτέ
1096 1672 1142 1716 τοι
1158 1650 1296 1716 τοιοῶτύν
1312 1673 1339 1716 τι
1356 1651 1515 1735 δυναίμην

334 1759 459 1834 παθεῖν,
477 1758 528 1834 δός
545 1758 654 1842 μηκέτι
672 1781 709 1844 με
726 1758 860 1842 θήλειαν
876 1761 952 1823 είναι
968 1761 1021 1823 καί
1037 1760 1141 1824 πάντα
1157 1758 1321 1844 παρέσχες.
1356 1760 1429 1823 206.
1448 1780 1515 1843 que

334 1887 399 1928 om.
449 1861 559 1946 20617.
588 1866 629 1941 ὡς
659 1863 771 1950 μηδέσι
794 1866 957 1950 γίγνεσθαι
984 1867 1141 1952 τραύμασι
1169 1866 1357 1951 βεβλημένος
1386 1866 1514 1930 δύναιτο

332 1972 496 2057 ήσιδήρῳ
525 1970 718 2058 ἐπικειμένῳ.
766 1975 840 2048 209.
874 1976 913 2036 τά
945 1983 1000 2038 τοῦ
1032 1971 1165 2056 Πηνειοῶ
1190 1974 1289 2038 πεδία.
1338 1973 1412 2037 210.
1437 1973 1513 2038 Πει·

333 2077 440 2164 ρίθους
469 2081 540 2143 add.
612 2080 723 2158 21617.
752 2083 805 2144 καί
838 2081 1122 2166 περιεστοιχισμένη
1146 2080 1285 2166 πάρεισιν
1308 2083 1329 2166 ή
1352 2080 1513 2164 παρθένος

333 2197 396 2251 τῶν
419 2209 453 2251 τε
474 2188 614 2273 μητέρων
637 2198 680 2272 τῷ
699 2188 872 2275 συστήματι
895 2191 949 2253 καί
973 2191 1042 2253 όσαι
1066 2210 1103 2272 γε
1126 2189 1240 2274 νύμφαι
1264 2191 1345 2272 ήσαν
1369 2189 1405 2252 τό
1429 2190 1512 2264 είδος

335 2292 491 2380 ἐπίσημοι.
539 2296 613 2358 223.
639 2297 670 2359 αἱ
693 2296 861 2380 νεύνυμφαι
885 2297 1055 2381 ληφθεῖσαι
1080 2345 1086 2358 .
1113 2344 1120 2359 .
1146 2344 1153 2359 .
1202 2298 1276 2359 224.
1302 2295 1391 2360 ἄλλοι
1414 2297 1447 2360 δὲ
1470 2298 1511 2380 τήν

331 2405 469 2480 ἕκαστος
492 2402 637 2488 ἐβούλετο
660 2404 681 2487 ή
706 2403 844 2468 ἐδύνατο.
892 2401 1003 2485 22819.
1022 2401 1197 2488 qui-uuo]
1222 2404 1252 2468 τί
1275 2402 1314 2486 δή
1339 2399 1408 2468 ποτ’
1432 2405 1510 2488 ἐμοῦ

330 2511 449 2589 ζῶντος
471 2510 609 2596 ἐνοχλεῖς
643 2520 687 2595 τῷ
712 2508 850 2596 Πειρίθῳ
878 2514 932 2575 καί
956 2511 988 2576 έν
1021 2511 1064 2574 ἑνί
1088 2512 1142 2575 δύο
1177 2507 1230 2575 ὑπ’
1253 2511 1377 2595 ἀγνοίας
1401 2510 1509 2596 βιάζη;

332 2617 406 2682 230.
438 2619 510 2682 οὐδὲ
546 2618 645 2702 μάτην
679 2627 778 2682 ταῦτα
812 2619 828 2682 ό
864 2619 1069 2704 μεγαλόφρων
1104 2619 1378 2703 ἀπεμνημόνευσεν
1411 2620 1508 2704 ήρως.

332 2726 406 2787 231,
433 2723 598 2806 instantes]
630 2728 700 2802 τοὺς
728 2735 944 2811 περιεστῶτας.
992 2727 1067 2788 236.
1097 2727 1130 2790 όν
1159 2727 1295 2802 ἀναστάς
1323 2727 1417 2790 ότοῶ
1445 2725 1508 2790 Εὐ-

331 2831 424 2916 ρύτου
437 2832 596 2916 εὐρύτερος
612 2831 758 2918 Αίγείδης
773 2833 921 2898 ἀνείλετο.
930 2832 985 2910 ²²⁰⁰)
1011 2834 1145 2913 239140.
1162 2835 1295 2897 vulnere
1312 2840 1344 2896 et
1360 2831 1427 2914 ere]
1445 2835 1507 2898 ὑπὸ

330 2949 384 3024 τῆς
397 2939 519 3025 πληγῆς
531 2949 586 3004 τού
599 2941 760 3026 στόματος.
779 2943 832 3006 τὸν
845 2941 1012 3026 διάβροχον
1025 2942 1150 3026 ψάμμον
1162 2942 1310 3020 λακτίζει.
1337 2943 1410 3005 244.
1424 2938 1504 3022 tum]

330 3055 382 3112 νῦν
398 3045 442 3110 δέ.
471 3047 544 3110 245.
560 3043 744 3132 Ὀφιονίδης.
763 3049 837 3112 251.
851 3048 1081 3113 καταλελοίπει.
1101 3050 1174 3112 255.
1190 3049 1343 3132 Πελάτης.
1362 3051 1435 3112 256.
1453 3049 1505 3112 έκ-

330 3153 474 3218 πτυόντα.
521 3155 596 3218 257.
621 3157 767 3240 ἔπεμψεν.
815 3156 888 3220 262.
915 3153 1150 3241 depressitque]
1181 3159 1234 3220 καί
1263 3153 1446 3242 κατέχωσαν
1469 3193 1506 3216 =

330 3260 620 3344 oppressitque.2⁰¹)
659 3259 770 3346 26314.
785 3266 867 3349 ήπερ
880 3265 1037 3350 έπᾳδούση
1049 3264 1242 3349 περιίσταντο
1254 3267 1292 3328 τὰ
1303 3275 1358 3349 τής
1370 3263 1504 3348 σελήνης

330 3367 408 3451 κέρα
432 3371 484 3433 καί
508 3369 660 3446 πολλάκις
683 3369 918 3456 ἀντιβαινούσης
941 3373 983 3449 είς
1006 3383 1064 3457 γῆν
1088 3371 1244 3454 κατάγειν.
1293 3375 1366 3436 272.
1392 3372 1503 3457 pruni·

329 3497 421 3539 ceum
439 3497 500 3540 orn.
534 3475 683 3560 Charaxi]
702 3475 806 3562 ῥάξου.
839 3479 912 3542 273.
931 3477 1114 3564 perfringit]
1132 3481 1311 3566 συμφρύγει.
1346 3481 1419 3544 290.
1437 3479 1502 3542 Κό-

329 3604 419 3668 ριτον.
468 3583 541 3647 301.
578 3583 723 3649 Rhoetus
758 3607 820 3648 om.
867 3588 935 3670 ipse
964 3608 1026 3650 om.
1074 3587 1149 3650 302.
1185 3587 1238 3651 καί
1273 3583 1413 3671 Ἀρναῖος
1448 3589 1502 3650 καί

329 3691 345 3755 ό
375 3690 518 3769 Λυκίδας.
571 3692 645 3756 303.
681 3692 822 3778 Καύμας.
869 3695 943 3759 306.
980 3692 1148 3771 Μενέλαος.
1195 3691 1360 3778 aprorum]
1396 3693 1501 3778 αἰγῶν.

419 4007 482 4068 1981
502 4007 542 4062 01.
562 4025 628 4064 ann.
645 4011 702 4064 160.

420 4097 481 4162 199)
501 4095 540 4150 01.
560 4097 611 4151 XV
624 4101 675 4152 718
694 4101 727 4148 τά
746 4101 817 4150 οίκοι
837 4101 1040 4166 διαπραχθέντα.

418 4183 480 4251 200)
506 4207 536 4230 =
554 4201 640 4254 quern
660 4201 782 4254 surgens
803 4189 912 4244 vastior
929 4190 993 4258 ipse
1013 4189 1133 4243 sustulit
1154 4188 1287 4252 Aegides.

417 4276 481 4339 201)
502 4273 542 4330 cf.
562 4277 613 4330 284
632 4277 791 4341 κατέχωοεν,
805 4292 870 4333 eum
890 4277 1053 4348 deprimere
1066 4279 1096 4333 in
1109 4280 1204 4341 πιέζειν
1220 4277 1313 4345 11184,
1327 4278 1356 4332 in
1371 4279 1499 4342 βαπτίζειν

329 4363 392 4418 XIV
410 4367 461 4419 185
480 4367 583 4419 vertat.
