3410 5104
744 502 919 565 „75-

246 716 318 779 126.
333 715 700 796 condiderat—messos]
717 717 773 778 καί
785 715 898 793 τόσους
910 715 1050 801 ἀμήτους
1062 717 1190 798 ἤνυσεν.
1218 717 1289 782 128.
1309 719 1416 793 αὐτοῖς

244 820 433 906 ἐπέγραψαν
453 830 517 898 τοῖς
537 823 625 898 θεοῖς
640 825 676 885 τὸ
698 821 835 887 ἀνόσιον.
873 824 945 887 129.
971 832 1026 886 νῦν
1050 822 1121 886 add.
1161 822 1232 886 134.
1258 825 1415 908 sanguine

207 932 209 935 ’
243 949 306 992 om.
354 929 425 992 137.
451 935 483 992 et
505 926 582 1010 illis]
613 931 646 993 ἐν
671 927 810 1006 ἐκείνοις.
853 930 925 993 140.
951 928 995 1012 σί]
1021 929 1115 993 ἀλλά.
1158 929 1229 993 141.
1255 930 1413 1014 membra]

243 1036 379 1120 σάρκας.
429 1037 501 1100 152.
526 1036 812 1121 seriemque-fati
835 1057 897 1102 om.
948 1039 1020 1101 155.
1042 1039 1099 1100 καὶ
1121 1038 1180 1121 τὴν
1195 1045 1258 1101 τῶν
1276 1047 1417 1123 ποιητῶν

242 1143 332 1226 ύλην.
383 1145 454 1208 157.
479 1142 610 1229 putetis]
634 1145 754 1208 οἴεσθε,
806 1146 877 1208 164.
903 1142 1010 1229 Argis]
1035 1146 1152 1229 ἀγροῖς.
1203 1146 1275 1209 165.
1301 1142 1342 1228 et]
1368 1146 1414 1210 δέ.

246 1250 317 1314 170.
342 1254 414 1328 τούς
435 1254 548 1329 αὐτοὺς
568 1253 694 1329 τύπους.
737 1253 809 1317 176.
834 1250 1005 1336 plenaque]
1023 1254 1079 1316 καί
1095 1251 1164 1315 όλα.
1203 1247 1312 1335 17718.
1337 1255 1415 1338 τρημί

244 1358 342 1442 μηδὲν
381 1357 461 1422 είναι
500 1358 660 1444 συμμένον
699 1360 732 1422 ἐν
770 1359 834 1441 όλιμ
872 1369 916 1444 τῷ
956 1358 1080 1444 κόσμῳ,
1119 1360 1225 1423 πάντα
1263 1359 1298 1422 δὲ
1338 1361 1413 1444 ῥεῖν.

245 1467 316 1529 179.
341 1463 715 1547 11111111111111κυλίεταιΞ
732 1465 914 1530 volvuntur.
922 1464 977 1544 ²42)
1028 1467 1099 1530 182.
1124 1469 1178 1531 καί
1200 1471 1236 1530 τό
1253 1472 1330 1532 αύτό
1347 1468 1414 1531 ἐπι-

243 1571 419 1658 σπέρχεται
449 1575 505 1658 μὲν
528 1576 608 1657 πρός
630 1583 685 1636 τού
710 1573 875 1658 ἑπομένου,
905 1573 1089 1660 ἐπισπέρχει
1113 1574 1148 1638 δέ
1172 1596 1208 1659 γε
1232 1579 1267 1638 τό
1291 1575 1411 1659 προϊόν.

246 1679 355 1760 18819.
379 1681 478 1765 ἡνίκα
501 1701 536 1744 τε
559 1681 751 1766 κεκμηκότα
774 1683 814 1744 τὰ
838 1681 943 1746 πάντα
967 1681 1000 1744 ἐν
1027 1681 1146 1767 ἠρεμίᾳ
1173 1692 1276 1746 κεῖται
1299 1682 1413 1768 πολλῇ.

245 1789 307 1851 192
332 1810 416 1873 sqq.:
441 1790 498 1852 καί
522 1791 616 1864 αὐτὸς
639 1783 673 1852 δ’
696 1789 713 1851 ό
736 1798 791 1852 τοῦ
815 1787 934 1873 Φοίβου
957 1789 1075 1872 θυρεός
1104 1790 1329 1874 ἐρυθραίνεται
1359 1790 1416 1876 μὲν

243 1896 299 1958 καὶ
327 1898 471 1959 κατὰτὸ
500 1895 645 1972 ἑωθινόν,
675 1895 898 1980 ἐρυθραίνεται
920 1896 954 1960 δὲ
983 1897 1039 1959 καὶ
1062 1897 1123 1960 ύπό
1147 1897 1205 1980 τὴν
1227 1906 1289 1982 γῆν
1313 1921 1414 1962 κατα·

198 2022 199 2026 ’
242 2003 354 2080 δύνων,
391 2012 449 2086 τῆς
483 2005 517 2068 δέ
556 2012 616 2088 γῆς
655 2002 866 2088 ἐξαιρόμενος,
905 2006 980 2068 ὅσον
1020 2004 1261 2089 μετεωρότερον,
1301 2005 1416 2082 λευκός

242 2110 395 2193 φαίνεται.
448 2110 600 2195 κρείττων
627 2113 689 2196 γὰρ
717 2110 842 2194 πέφυκε
870 2111 962 2194 φύσις
992 2113 1071 2195 ὅπερ
1101 2111 1169 2175 ἐκεῖ
1197 2121 1252 2176 τοῦ
1284 2113 1416 2198 αἰθέρος

243 2218 320 2295 ἐστὶ,
337 2220 394 2281 καί
405 2218 516 2303 πόρρω
528 2219 586 2302 τὴν
599 2219 769 2302 γειτνίασιν
781 2227 839 2302 τῆς
850 2226 911 2302 γῆς
928 2219 1109 2302 ἀποφεύγει.
1138 2221 1209 2283 199.
1228 2217 1413 2302 succedere]

244 2326 475 2410 ἀποχωροῦντα
486 2324 756 2408 =seeede1·e.2⁴3)
778 2324 889 2407 20415.
907 2327 964 2388 καὶ
975 2336 1013 2410 τῇ
1025 2325 1200 2412 πολυχροίᾳ
1211 2335 1274 2390 τῶν
1287 2329 1415 2392 ἄνθεων

242 2431 270 2493 οἱ
286 2431 436 2517 λειμῶνες
452 2433 652 2517 διαγελῶσιν.
690 2434 802 2515 20718.
827 2433 902 2496 ούδέ
917 2433 980 2517 γάρ
1002 2433 1068 2497 ἐστι
1084 2433 1276 2519 στερροτέρα
1298 2436 1416 2519 ταύτης

243 2536 289 2619 [=
304 2538 371 2621 illa]
392 2539 513 2624 ἡλικία.
561 2541 636 2605 208.
662 2537 757 2625 quae]
782 2541 859 2623 ἥτις.
907 2539 974 2603 ulla
997 2545 1045 2603 est
1068 2561 1130 2603 om.
1178 2536 1318 2624 209111;
1345 2542 1414 2605 δια·

242 2647 372 2733 δέχεται
386 2651 422 2711 τό
444 2649 500 2732 μὲν
525 2647 709 2733 μετόπωρον
724 2648 782 2731 τὴν
798 2655 856 2730 τῆς
876 2646 1023 2730 νεότητος
1047 2647 1249 2733 ἀποθέμενον
1273 2648 1410 2733 θέρμην,

242 2756 298 2818 καί
314 2755 484 2831 καθεστὼς
501 2754 664 2837 εὐσταθὴς
680 2754 762 2839 ἀνὴρ
777 2753 898 2838 γίνεται
911 2752 1028 2837 μεταξύ
1046 2754 1170 2818 νεανίου
1183 2756 1239 2818 καί
1254 2754 1412 2839 γέροντος,

241 2862 300 2945 τὴν
334 2873 452 2946 κρᾶσιν
488 2861 583 2946 μέσος
610 2861 678 2924 κτλ.
708 2863 800 2925 Ι217.
825 2862 882 2924 καὶ
905 2857 994 2936 ἐλπίς
1027 2861 1109 2946 ἦμεν
1145 2862 1320 2946 ἀνθρώπου
1356 2865 1413 2926 καὶ

241 2978 354 3054 πρῶτα
379 2970 435 3053 μέν
458 2969 517 3052 τὴν
540 2969 637 3051 νηδὺν
660 2967 835 3053 ᾠκήσαμεν
856 2977 916 3051 τῆς
940 2967 1062 3053 μητρός.
1110 2970 1184 3033 220.
1209 2991 1329 3034 vacuas
1353 3020 1360 3033 .
1380 3018 1413 3033 ..

241 3078 274 3141 in
298 3075 406 3159 auras]
436 3077 478 3153 είς
509 3080 544 3139 τό
573 3075 693 3153 πλάτος
719 3085 774 3139 τοῦ
803 3075 897 3160 ἀέρος
921 3105 954 3125 =
977 3075 1060 3140 latas
1084 3128 1091 3143 .
1116 3123 1123 3138 .
1150 3121 1158 3138 .
1182 3077 1215 3141 in
1239 3077 1411 3160 auratam)

241 3183 317 3248 226.
353 3184 495 3248 emeritis
528 3220 573 3228 -
606 3181 711 3266 annis]
751 3192 813 3248 τῶν
851 3193 906 3247 τοῦ
943 3184 1041 3269 μέσου
1076 3184 1110 3248 δὲ
1148 3183 1265 3269 χρόνου
1304 3208 1411 3269 παρα-

241 3292 427 3376 δραμόντων
445 3289 667 3372 ἐνιαυτῶν.ἳ45)
699 3285 832 3374 229131.
858 3291 915 3353 καί
932 3290 948 3354 ό
963 3289 1073 3356 Μίλων
1089 3290 1208 3374 θρηνεῖ
1219 3295 1413 3376 γεγηρακὼς

330 3494 393 3561 242)
414 3493 454 3550 cf.
474 3493 565 3549 11565
584 3494 753 3550 volventem
772 3533 799 3547 ..
818 3536 824 3550 .
846 3531 852 3544 ·
872 3491 992 3562 aunum]
1012 3495 1057 3544 τόν
1075 3494 1275 3559 κυλινδούμενον
1295 3497 1413 3547 ἐνιαυτόν

240 3586 270 3638 et
288 3582 314 3637 X
332 3586 384 3639 519
403 3585 485 3639 aetas
503 3581 624 3652 labitur]
645 3585 660 3635 ό
677 3586 773 3650 χρόνος
792 3583 980 3634 ύπολισθαίνει.

329 3673 393 3740 243)
414 3673 455 3729 ef.
477 3673 574 3729 11465
593 3672 740 3741 secedere]
761 3677 916 3739 ἀποχωρεῖν,
935 3671 975 3726 111
998 3676 1047 3728 185
1077 3671 1198 3741 secedit]
1227 3675 1414 3741 ἀποχωρήσας,

240 3778 305 3820 cum
332 3763 389 3820 hoc
408 3762 495 3819 modo
515 3762 671 3819 succedere
691 3763 771 3819 nullo
799 3763 864 3818 loco
892 3763 1023 3817 vertatur
1055 3762 1090 3818 cl.
1111 3762 1122 3817 1
1144 3763 1202 3830 125,
1223 3763 1329 3830 11590,
1350 3766 1412 3827 166,

241 3853 294 3909 VII
315 3856 375 3922 193,
403 3853 473 3909 VIII
498 3857 559 3922 550,
586 3853 626 3909 IX
644 3857 705 3921 714,
732 3852 837 3913 11165,
865 3851 968 3920 11180,
1000 3853 1057 3921 142,
1086 3853 1146 3919 227,
1173 3851 1241 3907 XIII
1266 3857 1323 3920 133,
1354 3855 1413 3920 134,

239 3943 304 3998 XIV
317 3945 378 4010 610,
396 3942 448 3998 XV
461 3945 486 4008 2,
507 3945 566 3998 187.
1486 3993 1489 3999 ,

330 4031 454 4100 244101,
477 4031 572 4088 11207
597 4032 666 4088 latis
694 4029 789 4100 temris]
817 4037 853 4098 τῷ
871 4031 966 4082 πλατεῖ
983 4036 1031 4097 τῆς
1050 4036 1109 4098 γῆς,
1131 4031 1214 4087 7481
1243 4032 1335 4087 latum
1363 4047 1416 4102 per

240 4120 352 4190 orbem]
373 4125 442 4175 κατὰ
461 4125 491 4174 το
510 4123 611 4185 πλάτος
634 4126 680 4173 τοῦ
698 4123 806 4189 κόσμου,
827 4123 857 4176 et
876 4121 978 4176 contra
997 4120 1035 4175 VI
1054 4122 1107 4176 393
1135 4135 1244 4176 vacuas
1262 4122 1292 4176 in
1313 4123 1413 4188 auras]

240 4215 278 4274 είς
297 4213 342 4263 τόν
359 4216 459 4277 κοῦφον
479 4215 553 4278 ἀέρα.

241 4392 400 4453 σπευδούσας
419 4395 458 4453 εἰς
476 4397 538 4456 φῶς.
