3410 5104
714 455 912 516 ..7-

314 672 482 740 Permulta
496 671 530 736 in
546 669 810 756 interpretatione
825 674 956 749 restant,
974 687 1058 754 quae
1082 669 1177 733 555115
1200 668 1403 753 argumentis

225 803 290 846 non
323 779 551 860 diiudicentur,
585 777 653 842 5155
688 777 729 842 de
763 775 880 861 quibus
907 775 978 840 iure
1005 774 1127 861 ambigi
1153 779 1269 860 potest.
1317 772 1401 840 0515

226 888 364 974 exempli
388 885 494 973 gratia
516 884 605 950 nullo
629 884 724 949 modo
748 883 818 948 erui
841 883 953 969 possit,
975 886 1089 948 utrum
1111 880 1160 946 VI
1180 883 1245 947 516
1266 880 1400 948 obuncis

226 1017 267 1060 an
284 994 418 1060 aduncis
441 991 601 1058 invenerit
616 992 786 1077 interpres,
809 1012 883 1056 cum
906 991 1051 1056 obunens
1075 989 1117 1056 511
1132 987 1216 1069 ἅπαξ
1231 990 1403 1076 λεγόμενον

222 1108 259 1166 51
281 1101 426 1167 aduncus
454 1098 568 1164 eodem
597 1098 694 1163 modo
722 1096 773 1162 III
798 1097 873 1178 533,
897 1095 978 1162 VIII
1005 1101 1079 1179 147,
1102 1095 1136 1162 X
1159 1098 1236 1178 550,
1259 1096 1310 1162 XI
1334 1097 1400 1162 775

226 1225 289 1294 555
323 1207 375 1272 hic
409 1206 556 1272 aduncus
590 1212 646 1270 eut
678 1205 824 1270 obunous
858 1210 1013 1287 vertatur,
1036 1204 1090 1270 551
1120 1202 1170 1269 IV
1193 1204 1258 1270 371
1291 1212 1402 1272 utrum

226 1315 387 1380 deducere
418 1335 461 1379 an
493 1313 647 1379 diducere
677 1313 729 1377 551
761 1311 842 1377 VIII
865 1312 930 1378 334
962 1312 1131 1378 demittere
1163 1333 1207 1378 an
1238 1313 1403 1379 dimittere

226 1428 258 1486 et
280 1421 439 1487 sescentis
462 1420 589 1501 similia,
614 1441 689 1485 cum
712 1419 754 1484 ad
777 1418 836 1484 bas
861 1441 955 1484 voces
977 1419 1107 1506 proprie
1129 1420 1303 1485 vertendas
1325 1441 1400 1486 ver-

225 1529 341 1593 borum
367 1529 460 1614 eopia
487 1529 566 1594 satis
593 1527 711 1592 idonea
738 1525 877 1592 Planudi
905 1532 1020 1612 parata
1047 1548 1112 1594 non
1139 1525 1248 1609 155511,
1270 1533 1340 1592 tum
1366 1529 1401 1593 in

226 1636 333 1702 verbis
360 1635 428 1716 fere
456 1635 652 1722 synonymis,
676 1635 823 1720 55555515
851 1633 993 1700 aurificis
1020 1641 1141 1700 statera
1168 1635 1402 1718 examinemus,

224 1764 338 1829 parum
362 1741 539 1829 proficitur,
561 1743 653 1807 55151
674 1741 735 1822 bis,
759 1763 800 1807 ue
824 1742 918 1828 plura
938 1763 1027 1807 5555
1050 1763 1239 1828 congeram:

312 1867 363 1933 XI
386 1871 429 1935 94
452 1870 508 1935 ubi
539 1867 682 1950 ,socium
710 1868 945 1953 comitemque“
980 1867 1125 1953 plerique
1158 1867 1297 1948 codices,
1327 1890 1402 1949 „co-

222 1977 335 2042 mitem
369 1978 576 2062 sooiumque“
612 1976 713 2041 codex
745 1974 984 2040 Laurentianus
1016 1974 1146 2040 exbibet
1177 1982 1209 2040 51
1236 1975 1401 2041 Pleuudee

223 2085 324 2149 verba
347 2083 464 2149 Latina
491 2083 524 2148 in
558 2082 612 2149 τὸν
642 2083 764 2170 ἑταῖρον
796 2085 851 2147 καί
882 2082 1163 2148 555551555511.
1211 2081 1297 2156 Quid
1325 2104 1400 2148 sum

222 2198 318 2276 putas
340 2189 542 2277 repperisse?
580 2189 663 2256 Cum
689 2190 847 2277 ,aranee
873 2189 973 2255 babet
994 2211 1053 2275 pro
1072 2190 1219 2271 ,comes“
1237 2189 1317 2256 XIV
1336 2192 1400 2255 159

225 2305 258 2362 51
291 2319 350 2383 555
385 2297 532 2379 ,socins“
567 2295 615 2362 III
643 2300 697 2380 51,
722 2299 797 2379 605,
820 2297 904 2362 XIII
928 2299 982 2379 61,
1006 2299 1083 2378 140,
1107 2304 1175 2363 tum
1211 2296 1397 2380 ,κοινωνός“

223 2425 282 2488 pro
318 2404 464 2488 ,comes“
494 2402 607 2470 11159
636 2411 754 2490 51555
791 2403 936 2487 ,socius“
964 2403 1111 2471 111159.
1159 2405 1230 2478 Quo
1265 2406 1400 2488 aceedit,

225 2510 310 2592 quod
344 2531 501 2597 persaepe
535 2513 709 2578 verborum
742 2513 889 2578 ordinem
923 2513 1130 2598 poenatavit,
1159 2520 1195 2577 ut
1221 2512 1254 2577 X
1274 2515 1340 2578 474
1368 2519 1402 2578 51

225 2614 330 2681 555155
358 2625 391 2681 51
416 2623 528 2682 natam
552 2657 585 2678 =
608 2623 665 2703 τὴν
693 2619 854 2707 θυγατέρα
881 2623 935 2684 καί
957 2622 993 2684 τὸ
1017 2619 1400 2706 51015155555111638

223 2723 427 2819 5555155555
450 2731 607 2811 paterque
629 2764 665 2788 =
686 2728 703 2792 ὁ
726 2730 829 2814 πατὴρ
852 2726 890 2809 δὴ
913 2730 967 2792 καὶ
991 2729 1087 2814 δῆμος
1109 2735 1142 2793 51
1165 2729 1278 2794 eodem
1302 2728 1400 2792 modo

223 2831 334 2896 multis
357 2831 445 2896 locis.
455 2829 482 2914 ⁷)

312 2955 351 3020 Iu
375 2962 464 3022 tauto
488 2965 554 3022 tam
578 2959 790 3044 inmensaque
806 2981 920 3046 eampo
944 2963 1166 3028 tantummodo
1183 2963 1222 3028 de
1243 2962 1282 3026 iis
1302 2983 1398 3042 nune,

224 3085 318 3147 qnae,
334 3063 411 3149 5515
427 3072 458 3130 51
473 3066 539 3130 1515
550 3073 662 3152 551551
677 3075 710 3132 51
725 3068 767 3132 ed
779 3089 934 3152 maguum
946 3090 1099 3136 versuum
1112 3091 1283 3136 numerum
1299 3070 1399 3156 perti-

223 3176 311 3252 nent,
323 3171 449 3237 ratione
464 3193 502 3237 ac
514 3172 741 3241 distributione
757 3175 817 3240 sub
829 3196 894 3240 uuo
908 3183 1040 3262 aspectu
1051 3177 1128 3263 poni
1140 3183 1284 3264 possunt,
1297 3176 1399 3242 disse·

222 3279 360 3344 rendum
377 3285 433 3344 551.
478 3279 592 3367 Neque
607 3283 640 3348 in
657 3283 874 3370 disputatione
894 3284 935 3349 de
950 3285 1098 3350 vertendi
1113 3286 1237 3352 ratione
1253 3286 1401 3353 instituta

223 3386 409 3463 etiamnunc
426 3389 529 3454 multa
540 3388 690 3456 dicantur
702 3399 839 3477 oportet,
851 3393 929 3478 quia
940 3391 1120 3458 Planudom
1136 3415 1307 3459 numerum
1323 3416 1398 3482 pro·

222 3493 345 3558 misene
361 3493 513 3561 habuisse
525 3496 590 3562 iam
606 3497 801 3564 1555515555
818 3497 900 3581 5511)
913 3505 950 3564 51
964 3498 1049 3564 XIII
1062 3499 1124 3564 531
1139 3499 1295 3566 Threiciis
1312 3499 1398 3585 telis]

221 3608 267 3684 τῷ
279 3597 408 3686 Opunte)
421 3601 500 3688 ξίφει
507 3600 536 3686 9)
548 3610 581 3669 51
595 3626 707 3670 rursus
724 3605 809 3671 XIII
822 3608 887 3672 690
900 3605 1004 3688 arbor]
1019 3607 1144 3693 δένδρα,
1163 3609 1226 3673 744
1240 3606 1397 3695 amorem]

223 3771 245 3775 .-
271 3770 435 3780 -—--0--..-.

294 3884 322 3952 7)
342 3884 383 3942 Cf.
410 3886 421 3942 I
445 3890 507 3959 559,
535 3889 640 3959 11415,
670 3891 707 3948 IV
726 3895 788 3964 150,
811 3897 872 3962 161,
891 3887 916 3950 V
936 3896 996 3963 167,
1020 3897 1083 3964 171,
1106 3897 1167 3964 644,
1190 3893 1229 3950 VI
1254 3898 1314 3963 141,
1337 3897 1398 3963 491,

222 3971 275 4028 VII
299 3975 360 4044 188,
388 3975 413 4032 X
437 3979 498 4048 133,
525 3981 587 4049 300,
613 3983 676 4049 454,
701 3981 742 4038 XI
766 3984 828 4052 369,
853 3982 904 4038 XII
928 3988 973 4053 44,
1000 3986 1062 4053 458,
1090 3985 1152 4054 591,
1180 3985 1241 4054 618,
1268 3983 1336 4040 XIII
1356 3988 1399 4053 91,

224 4064 283 4130 145,
305 4066 364 4133 167,
384 4068 445 4136 151,
464 4066 525 4136 316,
545 4071 605 4138 574,
625 4072 687 4140 597,
705 4070 770 4128 XIV
787 4074 830 4142 53,
849 4076 910 4144 115,
928 4075 991 4144 385,
1009 4073 1101 4144 43516,
1120 4077 1182 4144 483,
1201 4073 1251 4130 XV
1263 4077 1324 4140 441,
1338 4076 1399 4143 677,

222 4152 283 4218 719,
302 4153 364 4223 860,
383 4157 444 4224 861,
463 4159 525 4213 867.

311 4241 340 4308 8)
360 4242 401 4298 01.
422 4244 573 4303 Gndemau
592 4247 611 4304 l.
631 4265 655 4305 5.
674 4266 701 4320 5.
718 4255 757 4307 11.

312 4331 340 4398 5)
360 4331 401 4388 cr.
421 4332 487 4391 xnr
508 4339 649 4406 555515,
669 4342 729 4409 555,
749 4341 810 4410 tra,
830 4345 890 4412 aaa,
910 4345 970 4398 555.
