<?xml version="1.0" encoding="UTF-8"?>
<!DOCTYPE html PUBLIC "-//W3C//DTD XHTML 1.0 Transitional//EN"
    "http://www.w3.org/TR/xhtml1/DTD/xhtml1-transitional.dtd">
<html xmlns="http://www.w3.org/1999/xhtml" xml:lang="en" lang="en">
 <head>
  <title>
</title>
<meta http-equiv="Content-Type" content="text/html;charset=utf-8" />
  <meta name='ocr-system' content='tesseract 3.04.00' />
  <meta name='ocr-capabilities' content='ocr_page ocr_carea ocr_par ocr_line ocrx_word'/>
</head>
<body>
  <div class='ocr_page' id='page_1' title='image "./demetamorphoseo00mlgoog_0079.png"; bbox 0 0 3410 5104; ppageno 0'>
   <div class='ocr_carea' id='block_1_1' title="bbox 858 499 1031 563">
    <p class='ocr_par' dir='ltr' id='par_1_1' title="bbox 858 499 1031 563">
     <span class='ocr_line' id='line_1_1' title="bbox 858 499 1031 563; baseline -0.006 -21"><span class='ocrx_word' id='word_1_1' title='bbox 858 499 1031 563; x_wconf 78' lang='lat'><strong>..70-</strong></span> 
     </span>
    </p>
   </div>
   <div class='ocr_carea' id='block_1_2' title="bbox 359 705 1531 1012">
    <p class='ocr_par' dir='ltr' id='par_1_2' title="bbox 359 705 1531 1012">
     <span class='ocr_line' id='line_1_2' title="bbox 359 705 1531 797; baseline -0.003 -21"><span class='ocrx_word' id='word_1_2' title='bbox 359 714 433 776; x_wconf 86' lang='grc'><strong>454.</strong></span> <span class='ocrx_word' id='word_1_3' title='bbox 459 718 591 778; x_wconf 82' lang='lat' dir='ltr'>externo</span> <span class='ocrx_word' id='word_1_4' title='bbox 621 709 750 794; x_wconf 80' lang='lat' dir='ltr'>robore]</span> <span class='ocrx_word' id='word_1_5' title='bbox 781 711 957 797; x_wconf 81' lang='grc' dir='ltr'>συμμαχίδι</span> <span class='ocrx_word' id='word_1_6' title='bbox 984 710 1071 796; x_wconf 91' lang='grc' dir='ltr'><strong>χειρί.</strong></span> <span class='ocrx_word' id='word_1_7' title='bbox 1119 711 1193 774; x_wconf 86' lang='grc'><strong>456.</strong></span> <span class='ocrx_word' id='word_1_8' title='bbox 1220 709 1261 774; x_wconf 84' lang='lat' dir='ltr'><strong>ad</strong></span> <span class='ocrx_word' id='word_1_9' title='bbox 1289 705 1429 791; x_wconf 82' lang='lat' dir='ltr'>moenia]</span> <span class='ocrx_word' id='word_1_10' title='bbox 1454 712 1531 794; x_wconf 79' lang='grc' dir='ltr'><strong>πρὸς</strong></span> 
     </span>
     <span class='ocr_line' id='line_1_3' title="bbox 359 813 1527 904; baseline -0.004 -20"><span class='ocrx_word' id='word_1_11' title='bbox 359 820 417 904; x_wconf 82' lang='grc' dir='ltr'><strong>την</strong></span> <span class='ocrx_word' id='word_1_12' title='bbox 441 819 540 886; x_wconf 91' lang='grc' dir='ltr'><strong>πόλιν.</strong></span> <span class='ocrx_word' id='word_1_13' title='bbox 588 821 663 885; x_wconf 96' lang='grc'><strong>457.</strong></span> <span class='ocrx_word' id='word_1_14' title='bbox 688 819 730 884; x_wconf 83' lang='lat' dir='ltr'><strong>ad</strong></span> <span class='ocrx_word' id='word_1_15' title='bbox 752 814 880 904; x_wconf 83' lang='lat' dir='ltr'><strong>urbem]</strong></span> <span class='ocrx_word' id='word_1_16' title='bbox 904 821 982 904; x_wconf 88' lang='grc' dir='ltr'><strong>πρὸς</strong></span> <span class='ocrx_word' id='word_1_17' title='bbox 1005 821 1045 883; x_wconf 84' lang='grc' dir='ltr'><strong>τὰ</strong></span> <span class='ocrx_word' id='word_1_18' title='bbox 1067 815 1235 904; x_wconf 59' lang='grc' dir='ltr'><strong>τείχηῖίί)</strong></span> <span class='ocrx_word' id='word_1_19' title='bbox 1281 813 1394 897; x_wconf 92' lang='grc'><strong>46011.</strong></span> <span class='ocrx_word' id='word_1_20' title='bbox 1418 814 1527 880; x_wconf 76' lang='grc' dir='ltr'><strong>τοῦδε</strong></span> 
     </span>
     <span class='ocr_line' id='line_1_4' title="bbox 359 921 1530 1012; baseline -0.003 -23"><span class='ocrx_word' id='word_1_21' title='bbox 359 923 516 992; x_wconf 92' lang='grc' dir='ltr'><strong>Βενούλου</strong></span> <span class='ocrx_word' id='word_1_22' title='bbox 539 929 595 1004; x_wconf 86' lang='grc' dir='ltr'><strong>τὰς</strong></span> <span class='ocrx_word' id='word_1_23' title='bbox 620 924 759 1012; x_wconf 90' lang='grc' dir='ltr'><strong>Τούρνου</strong></span> <span class='ocrx_word' id='word_1_24' title='bbox 782 923 971 1002; x_wconf 84' lang='grc' dir='ltr'><strong>τελέσαντος</strong></span> <span class='ocrx_word' id='word_1_25' title='bbox 998 925 1126 1001; x_wconf 84' lang='grc' dir='ltr'><strong>ἐντολάς</strong></span> <span class='ocrx_word' id='word_1_26' title='bbox 1154 926 1209 990; x_wconf 87' lang='grc' dir='ltr'><strong>καὶ</strong></span> <span class='ocrx_word' id='word_1_27' title='bbox 1233 923 1418 1009; x_wconf 79' lang='grc' dir='ltr'>συμμαχίαν</span> <span class='ocrx_word' id='word_1_28' title='bbox 1442 921 1530 1005; x_wconf 45' lang='grc' dir='ltr'><strong>αίτηῖ</strong></span> 
     </span>
    </p>
   </div>
   <div class='ocr_carea' id='block_1_3' title="bbox 360 1021 1657 1118">
    <p class='ocr_par' dir='ltr' id='par_1_3' title="bbox 360 1021 1657 1118">
     <span class='ocr_line' id='line_1_5' title="bbox 360 1021 1657 1118; baseline -0.003 -20"><span class='ocrx_word' id='word_1_29' title='bbox 360 1055 484 1112; x_wconf 89' lang='grc' dir='ltr'><strong>σαντος,</strong></span> <span class='ocrx_word' id='word_1_30' title='bbox 519 1043 718 1118; x_wconf 81' lang='grc' dir='ltr'><strong>παραιτεῖται</strong></span> <span class='ocrx_word' id='word_1_31' title='bbox 752 1034 872 1118; x_wconf 88' lang='grc' dir='ltr'><strong>ταύτην</strong></span> <span class='ocrx_word' id='word_1_32' title='bbox 903 1033 919 1098; x_wconf 86' lang='grc' dir='ltr'><strong>ό</strong></span> <span class='ocrx_word' id='word_1_33' title='bbox 949 1031 1091 1109; x_wconf 83' lang='grc' dir='ltr'><strong>Αἰτωλὸς</strong></span> <span class='ocrx_word' id='word_1_34' title='bbox 1125 1033 1221 1116; x_wconf 78' lang='grc' dir='ltr'><strong>ἥρως.</strong></span> <span class='ocrx_word' id='word_1_35' title='bbox 1269 1031 1344 1096; x_wconf 87' lang='grc'><strong>463.</strong></span> <span class='ocrx_word' id='word_1_36' title='bbox 1381 1031 1431 1096; x_wconf 91' lang='lat' dir='ltr'><strong>sui</strong></span> <span class='ocrx_word' id='word_1_37' title='bbox 1466 1052 1525 1095; x_wconf 86' lang='lat' dir='ltr'><strong>om.</strong></span> <span class='ocrx_word' id='word_1_38' title='bbox 1656 1021 1657 1028; x_wconf 33' lang='lat'>¹</span> 
     </span>
    </p>
   </div>
   <div class='ocr_carea' id='block_1_4' title="bbox 357 1138 1531 1440">
    <p class='ocr_par' dir='ltr' id='par_1_4' title="bbox 357 1138 1531 1440">
     <span class='ocr_line' id='line_1_6' title="bbox 358 1138 1531 1227; baseline -0.003 -23"><span class='ocrx_word' id='word_1_39' title='bbox 358 1138 470 1224; x_wconf 90' lang='grc'><strong>46314.</strong></span> <span class='ocrx_word' id='word_1_40' title='bbox 495 1139 694 1222; x_wconf 81' lang='lat' dir='ltr'>aut-viros]</span> <span class='ocrx_word' id='word_1_41' title='bbox 719 1139 762 1226; x_wconf 84' lang='grc' dir='ltr'><strong>μή</strong></span> <span class='ocrx_word' id='word_1_42' title='bbox 791 1163 826 1206; x_wconf 87' lang='grc' dir='ltr'><strong>τε</strong></span> <span class='ocrx_word' id='word_1_43' title='bbox 855 1140 918 1227; x_wconf 85' lang='grc' dir='ltr'><strong>μήν</strong></span> <span class='ocrx_word' id='word_1_44' title='bbox 946 1162 1031 1217; x_wconf 88' lang='grc' dir='ltr'><strong>τινας</strong></span> <span class='ocrx_word' id='word_1_45' title='bbox 1058 1149 1120 1205; x_wconf 84' lang='grc' dir='ltr'><strong>τῶν</strong></span> <span class='ocrx_word' id='word_1_46' title='bbox 1148 1138 1272 1204; x_wconf 82' lang='grc' dir='ltr'>οἰκείων</span> <span class='ocrx_word' id='word_1_47' title='bbox 1300 1141 1384 1224; x_wconf 84' lang='grc' dir='ltr'><strong>ἔχειν</strong></span> <span class='ocrx_word' id='word_1_48' title='bbox 1413 1141 1467 1215; x_wconf 85' lang='grc' dir='ltr'><strong>οὓς</strong></span> <span class='ocrx_word' id='word_1_49' title='bbox 1491 1139 1531 1201; x_wconf 83' lang='grc' dir='ltr'><strong>ἂν</strong></span> 
     </span>
     <span class='ocr_line' id='line_1_7' title="bbox 358 1245 1528 1332; baseline -0.003 -21"><span class='ocrx_word' id='word_1_50' title='bbox 358 1248 525 1312; x_wconf 87' lang='grc' dir='ltr'><strong>όπλίσειεν.</strong></span> <span class='ocrx_word' id='word_1_51' title='bbox 572 1249 647 1313; x_wconf 88' lang='grc'><strong>468.</strong></span> <span class='ocrx_word' id='word_1_52' title='bbox 660 1245 919 1332; x_wconf 82' lang='grc' dir='ltr'><strong>καίόΝηρίκιος.</strong></span> <span class='ocrx_word' id='word_1_53' title='bbox 968 1249 1042 1310; x_wconf 88' lang='grc'><strong>472.</strong></span> <span class='ocrx_word' id='word_1_54' title='bbox 1060 1245 1231 1331; x_wconf 79' lang='grc' dir='ltr'><strong>Καφηρέα.</strong></span> <span class='ocrx_word' id='word_1_55' title='bbox 1279 1245 1354 1310; x_wconf 89' lang='grc'><strong>473.</strong></span> <span class='ocrx_word' id='word_1_56' title='bbox 1370 1248 1424 1310; x_wconf 91' lang='grc' dir='ltr'><strong>ίνα</strong></span> <span class='ocrx_word' id='word_1_57' title='bbox 1436 1246 1472 1309; x_wconf 84' lang='grc' dir='ltr'><strong>δὲ</strong></span> <span class='ocrx_word' id='word_1_58' title='bbox 1486 1245 1528 1330; x_wconf 78' lang='grc' dir='ltr'><strong>μὴ</strong></span> 
     </span>
     <span class='ocr_line' id='line_1_8' title="bbox 357 1353 1527 1440; baseline -0.003 -21"><span class='ocrx_word' id='word_1_59' title='bbox 357 1353 542 1440; x_wconf 92' lang='grc' dir='ltr'><strong>βραδύνοιμι</strong></span> <span class='ocrx_word' id='word_1_60' title='bbox 554 1354 685 1432; x_wconf 83' lang='grc' dir='ltr'><strong>διεξιών.</strong></span> <span class='ocrx_word' id='word_1_61' title='bbox 726 1357 801 1420; x_wconf 92' lang='grc'><strong>478.</strong></span> <span class='ocrx_word' id='word_1_62' title='bbox 816 1355 882 1420; x_wconf 79' lang='lat' dir='ltr'><strong>alta</strong></span> <span class='ocrx_word' id='word_1_63' title='bbox 893 1376 955 1420; x_wconf 87' lang='lat' dir='ltr'><strong>om.</strong></span> <span class='ocrx_word' id='word_1_64' title='bbox 991 1353 1066 1418; x_wconf 86' lang='grc'><strong>481.</strong></span> <span class='ocrx_word' id='word_1_65' title='bbox 1080 1353 1261 1438; x_wconf 81' lang='grc' dir='ltr'><strong>Καφηρεύς.</strong></span> <span class='ocrx_word' id='word_1_66' title='bbox 1298 1354 1373 1417; x_wconf 88' lang='grc'><strong>482.</strong></span> <span class='ocrx_word' id='word_1_67' title='bbox 1388 1374 1453 1417; x_wconf 80' lang='grc' dir='ltr'><strong>μου</strong></span> <span class='ocrx_word' id='word_1_68' title='bbox 1466 1373 1527 1417; x_wconf 89' lang='lat' dir='ltr'><strong>om.</strong></span> 
     </span>
    </p>
   </div>
   <div class='ocr_carea' id='block_1_5' title="bbox 357 1455 1659 1547">
    <p class='ocr_par' dir='ltr' id='par_1_5' title="bbox 357 1455 1659 1547">
     <span class='ocr_line' id='line_1_9' title="bbox 357 1455 1659 1547; baseline -0.002 -22"><span class='ocrx_word' id='word_1_69' title='bbox 357 1463 432 1526; x_wconf 87' lang='grc'><strong>484.</strong></span> <span class='ocrx_word' id='word_1_70' title='bbox 457 1460 587 1544; x_wconf 82' lang='lat' dir='ltr'>erroris]</span> <span class='ocrx_word' id='word_1_71' title='bbox 610 1461 742 1546; x_wconf 82' lang='grc' dir='ltr'><strong>πλάνης.</strong></span> <span class='ocrx_word' id='word_1_72' title='bbox 790 1458 860 1526; x_wconf 82' lang='grc' dir='ltr'><strong>ὁδ’</strong></span> <span class='ocrx_word' id='word_1_73' title='bbox 882 1455 1025 1547; x_wconf 86' lang='grc' dir='ltr'><strong>Ἀκμων.</strong></span> <span class='ocrx_word' id='word_1_74' title='bbox 1073 1462 1147 1526; x_wconf 91' lang='grc'><strong>489.</strong></span> <span class='ocrx_word' id='word_1_75' title='bbox 1173 1463 1259 1526; x_wconf 83' lang='grc' dir='ltr'><strong>ἔστιν</strong></span> <span class='ocrx_word' id='word_1_76' title='bbox 1287 1462 1332 1524; x_wconf 79' lang='grc' dir='ltr'><strong>ἔτι</strong></span> <span class='ocrx_word' id='word_1_77' title='bbox 1358 1460 1451 1546; x_wconf 84' lang='grc' dir='ltr'><strong>χώρα</strong></span> <span class='ocrx_word' id='word_1_78' title='bbox 1476 1470 1531 1524; x_wconf 88' lang='grc' dir='ltr'><strong>τοῦ</strong></span> <span class='ocrx_word' id='word_1_79' title='bbox 1658 1467 1659 1510; x_wconf 59' lang='lat' dir='ltr'>I</span> 
     </span>
    </p>
   </div>
   <div class='ocr_carea' id='block_1_6' title="bbox 353 1567 1530 3154">
    <p class='ocr_par' dir='ltr' id='par_1_6' title="bbox 353 1567 1530 3154">
     <span class='ocr_line' id='line_1_10' title="bbox 357 1567 1526 1654; baseline -0.002 -22"><span class='ocrx_word' id='word_1_80' title='bbox 357 1569 531 1648; x_wconf 76' lang='grc' dir='ltr'><strong>εὔξασθαι·</strong></span> <span class='ocrx_word' id='word_1_81' title='bbox 567 1569 661 1654; x_wconf 83' lang='grc' dir='ltr'><strong>ἡνίκα</strong></span> <span class='ocrx_word' id='word_1_82' title='bbox 685 1567 720 1632; x_wconf 83' lang='grc' dir='ltr'><strong>δ’</strong></span> <span class='ocrx_word' id='word_1_83' title='bbox 742 1571 780 1635; x_wconf 79' lang='grc' dir='ltr'><strong>ἂν</strong></span> <span class='ocrx_word' id='word_1_84' title='bbox 802 1568 944 1654; x_wconf 75' lang='grc' dir='ltr'>χειρίστη</span> <span class='ocrx_word' id='word_1_85' title='bbox 972 1579 1033 1633; x_wconf 87' lang='grc' dir='ltr'><strong>τών</strong></span> <span class='ocrx_word' id='word_1_86' title='bbox 1062 1569 1259 1654; x_wconf 82' lang='grc' dir='ltr'><strong>πραγμάτων</strong></span> <span class='ocrx_word' id='word_1_87' title='bbox 1283 1569 1368 1632; x_wconf 85' lang='grc' dir='ltr'><strong>ἐστίν</strong></span> <span class='ocrx_word' id='word_1_88' title='bbox 1391 1569 1412 1653; x_wconf 88' lang='grc' dir='ltr'>ἠ</span> <span class='ocrx_word' id='word_1_89' title='bbox 1434 1568 1526 1653; x_wconf 90' lang='grc' dir='ltr'><strong>τύχη.</strong></span> 
     </span>
     <span class='ocr_line' id='line_1_11' title="bbox 356 1673 1529 1760; baseline -0.001 -23"><span class='ocrx_word' id='word_1_90' title='bbox 356 1676 431 1738; x_wconf 89' lang='grc'><strong>493.</strong></span> <span class='ocrx_word' id='word_1_91' title='bbox 467 1697 586 1760; x_wconf 84' lang='lat' dir='ltr'>magno</span> <span class='ocrx_word' id='word_1_92' title='bbox 625 1673 701 1757; x_wconf 81' lang='lat' dir='ltr'>stat]</span> <span class='ocrx_word' id='word_1_93' title='bbox 736 1677 792 1740; x_wconf 90' lang='grc' dir='ltr'><strong>καὶ</strong></span> <span class='ocrx_word' id='word_1_94' title='bbox 831 1676 872 1758; x_wconf 86' lang='grc' dir='ltr'><strong>δη</strong></span> <span class='ocrx_word' id='word_1_95' title='bbox 913 1675 1053 1760; x_wconf 79' lang='grc' dir='ltr'>μεγάλης</span> <span class='ocrx_word' id='word_1_96' title='bbox 1093 1674 1208 1759; x_wconf 81' lang='grc' dir='ltr'><strong>ζημίας</strong></span> <span class='ocrx_word' id='word_1_97' title='bbox 1247 1674 1331 1739; x_wconf 84' lang='grc' dir='ltr'><strong>αἰτία</strong></span> <span class='ocrx_word' id='word_1_98' title='bbox 1369 1675 1529 1759; x_wconf 77' lang='grc' dir='ltr'><strong>γενέσθω,</strong></span> 
     </span>
     <span class='ocr_line' id='line_1_12' title="bbox 357 1776 1530 1868; baseline 0 -24"><span class='ocrx_word' id='word_1_99' title='bbox 357 1779 469 1866; x_wconf 87' lang='grc'><strong>49415.</strong></span> <span class='ocrx_word' id='word_1_100' title='bbox 483 1783 632 1858; x_wconf 86' lang='grc' dir='ltr'><strong>τοιούτοις</strong></span> <span class='ocrx_word' id='word_1_101' title='bbox 648 1781 854 1868; x_wconf 75' lang='grc' dir='ltr'><strong>όργιζομένην</strong></span> <span class='ocrx_word' id='word_1_102' title='bbox 870 1776 1133 1866; x_wconf 80' lang='grc' dir='ltr'><strong>τὴνἈφροδίτην</strong></span> <span class='ocrx_word' id='word_1_103' title='bbox 1151 1781 1167 1844; x_wconf 87' lang='grc' dir='ltr'><strong>ό</strong></span> <span class='ocrx_word' id='word_1_104' title='bbox 1183 1780 1381 1865; x_wconf 79' lang='grc' dir='ltr'><strong>Πλευρώνιος</strong></span> <span class='ocrx_word' id='word_1_105' title='bbox 1392 1778 1530 1867; x_wconf 87' lang='grc' dir='ltr'><strong>Ἀκμων</strong></span> 
     </span>
     <span class='ocr_line' id='line_1_13' title="bbox 357 1887 1529 1974; baseline 0.001 -24"><span class='ocrx_word' id='word_1_106' title='bbox 357 1889 520 1953; x_wconf 88' lang='grc' dir='ltr'><strong>ύπονύττει</strong></span> <span class='ocrx_word' id='word_1_107' title='bbox 557 1898 621 1965; x_wconf 77' lang='grc' dir='ltr'><strong>τοῖς</strong></span> <span class='ocrx_word' id='word_1_108' title='bbox 655 1887 774 1973; x_wconf 80' lang='grc' dir='ltr'><strong>ῥήμασι</strong></span> <span class='ocrx_word' id='word_1_109' title='bbox 811 1891 867 1952; x_wconf 87' lang='grc' dir='ltr'><strong>καί</strong></span> <span class='ocrx_word' id='word_1_110' title='bbox 902 1888 1071 1974; x_wconf 84' lang='grc' dir='ltr'><strong>νυττομένη</strong></span> <span class='ocrx_word' id='word_1_111' title='bbox 1105 1892 1158 1952; x_wconf 84' lang='grc' dir='ltr'><strong>τόν</strong></span> <span class='ocrx_word' id='word_1_112' title='bbox 1197 1887 1301 1973; x_wconf 68' lang='grc' dir='ltr'><strong>θυμόν</strong></span> <span class='ocrx_word' id='word_1_113' title='bbox 1340 1888 1529 1972; x_wconf 83' lang='grc' dir='ltr'><strong>διανίστησι.</strong></span> 
     </span>
     <span class='ocr_line' id='line_1_14' title="bbox 355 1994 1530 2080; baseline 0.002 -22"><span class='ocrx_word' id='word_1_114' title='bbox 355 1996 430 2059; x_wconf 84' lang='grc'><strong>499.</strong></span> <span class='ocrx_word' id='word_1_115' title='bbox 455 2017 541 2060; x_wconf 84' lang='lat' dir='ltr'>nova</span> <span class='ocrx_word' id='word_1_116' title='bbox 564 2017 625 2060; x_wconf 87' lang='lat' dir='ltr'>01n.</span> <span class='ocrx_word' id='word_1_117' title='bbox 655 2061 659 2068; x_wconf 82' lang='grc'><em>,</em></span> <span class='ocrx_word' id='word_1_118' title='bbox 675 1999 748 2060; x_wconf 89' lang='grc'><strong>504.</strong></span> <span class='ocrx_word' id='word_1_119' title='bbox 766 1998 823 2060; x_wconf 85' lang='grc' dir='ltr'><strong>καί</strong></span> <span class='ocrx_word' id='word_1_120' title='bbox 838 1999 895 2061; x_wconf 87' lang='grc' dir='ltr'><strong>σὺν</strong></span> <span class='ocrx_word' id='word_1_121' title='bbox 910 2005 954 2080; x_wconf 82' lang='grc' dir='ltr'><strong>τῷ</strong></span> <span class='ocrx_word' id='word_1_122' title='bbox 971 1994 1146 2080; x_wconf 71' lang='grc' dir='ltr'><strong>Πειύηνορι</strong></span> <span class='ocrx_word' id='word_1_123' title='bbox 1162 1994 1314 2072; x_wconf 88' lang='grc' dir='ltr'><strong>Νυκτεύς.</strong></span> <span class='ocrx_word' id='word_1_124' title='bbox 1355 1997 1430 2060; x_wconf 93' lang='grc'><strong>507.</strong></span> <span class='ocrx_word' id='word_1_125' title='bbox 1451 1997 1530 2060; x_wconf 85' lang='lat' dir='ltr'>sub-</span> 
     </span>
     <span class='ocr_line' id='line_1_15' title="bbox 355 2100 1527 2189; baseline 0.002 -23"><span class='ocrx_word' id='word_1_126' title='bbox 355 2100 455 2185; x_wconf 84' lang='lat' dir='ltr'>volat]</span> <span class='ocrx_word' id='word_1_127' title='bbox 481 2104 617 2189; x_wconf 73' lang='grc' dir='ltr'><strong>άριδμός</strong></span> <span class='ocrx_word' id='word_1_128' title='bbox 645 2150 756 2168; x_wconf 89' lang='grc'><strong>.....</strong></span> <span class='ocrx_word' id='word_1_129' title='bbox 784 2113 990 2189; x_wconf 80' lang='grc' dir='ltr'><strong>χαμαιπετεῖς</strong></span> <span class='ocrx_word' id='word_1_130' title='bbox 1018 2101 1174 2188; x_wconf 81' lang='grc' dir='ltr'><strong>φέρονται.</strong></span> <span class='ocrx_word' id='word_1_131' title='bbox 1230 2105 1305 2168; x_wconf 88' lang='grc'><strong>508.</strong></span> <span class='ocrx_word' id='word_1_132' title='bbox 1334 2101 1527 2185; x_wconf 75' lang='lat' dir='ltr'>subitarum}</span> 
     </span>
     <span class='ocr_line' id='line_1_16' title="bbox 355 2211 1527 2297; baseline 0.002 -23"><span class='ocrx_word' id='word_1_133' title='bbox 355 2216 417 2274; x_wconf 88' lang='grc' dir='ltr'><strong>τών</strong></span> <span class='ocrx_word' id='word_1_134' title='bbox 442 2211 633 2297; x_wconf 82' lang='grc' dir='ltr'><strong>ἀμφιβόλων.</strong></span> <span class='ocrx_word' id='word_1_135' title='bbox 683 2213 755 2277; x_wconf 92' lang='grc'><strong>509.</strong></span> <span class='ocrx_word' id='word_1_136' title='bbox 786 2213 894 2296; x_wconf 90' lang='grc' dir='ltr'><strong>ώσπερ</strong></span> <span class='ocrx_word' id='word_1_137' title='bbox 925 2211 966 2297; x_wconf 80' lang='grc' dir='ltr'><strong>μὴ</strong></span> <span class='ocrx_word' id='word_1_138' title='bbox 994 2211 1120 2275; x_wconf 81' lang='grc' dir='ltr'><strong>κύκνων</strong></span> <span class='ocrx_word' id='word_1_139' title='bbox 1150 2212 1234 2277; x_wconf 86' lang='grc' dir='ltr'><strong>ἐστίν</strong></span> <span class='ocrx_word' id='word_1_140' title='bbox 1261 2212 1331 2296; x_wconf 78' lang='grc' dir='ltr'><strong>ηδε,</strong></span> <span class='ocrx_word' id='word_1_141' title='bbox 1361 2213 1442 2275; x_wconf 88' lang='grc' dir='ltr'><strong>ούτω</strong></span> <span class='ocrx_word' id='word_1_142' title='bbox 1466 2221 1527 2276; x_wconf 85' lang='grc' dir='ltr'><strong>τῶν</strong></span> 
     </span>
     <span class='ocr_line' id='line_1_17' title="bbox 355 2318 1530 2405; baseline 0.002 -25"><span class='ocrx_word' id='word_1_143' title='bbox 355 2318 482 2383; x_wconf 85' lang='grc' dir='ltr'><strong>κύκνων</strong></span> <span class='ocrx_word' id='word_1_144' title='bbox 517 2319 680 2403; x_wconf 82' lang='grc' dir='ltr'><strong>ἐγγυτάτω</strong></span> <span class='ocrx_word' id='word_1_145' title='bbox 713 2321 873 2405; x_wconf 85' lang='grc' dir='ltr'><strong>τυγχάνει.</strong></span> <span class='ocrx_word' id='word_1_146' title='bbox 921 2321 996 2384; x_wconf 87' lang='grc'><strong>515.</strong></span> <span class='ocrx_word' id='word_1_147' title='bbox 1026 2321 1082 2382; x_wconf 90' lang='grc' dir='ltr'><strong>καί</strong></span> <span class='ocrx_word' id='word_1_148' title='bbox 1114 2318 1261 2403; x_wconf 87' lang='grc' dir='ltr'><strong>σταγόσιν</strong></span> <span class='ocrx_word' id='word_1_149' title='bbox 1296 2320 1333 2383; x_wconf 85' lang='grc' dir='ltr'><strong>ἐκ</strong></span> <span class='ocrx_word' id='word_1_150' title='bbox 1369 2319 1530 2404; x_wconf 82' lang='grc' dir='ltr'><strong>μετεώρου</strong></span> 
     </span>
     <span class='ocr_line' id='line_1_18' title="bbox 355 2422 1526 2511; baseline 0.001 -23"><span class='ocrx_word' id='word_1_151' title='bbox 355 2424 517 2511; x_wconf 86' lang='grc' dir='ltr'><strong>διάβροχα.</strong></span> <span class='ocrx_word' id='word_1_152' title='bbox 559 2425 633 2490; x_wconf 91' lang='grc'><strong>517.</strong></span> <span class='ocrx_word' id='word_1_153' title='bbox 650 2422 843 2504; x_wconf 86' lang='grc' dir='ltr'><strong>Ἀππουλος.</strong></span> <span class='ocrx_word' id='word_1_154' title='bbox 892 2428 966 2490; x_wconf 88' lang='grc'><strong>522.</strong></span> <span class='ocrx_word' id='word_1_155' title='bbox 983 2426 1131 2490; x_wconf 83' lang='lat' dir='ltr'>obscenis</span> <span class='ocrx_word' id='word_1_156' title='bbox 1147 2426 1240 2490; x_wconf 82' lang='lat' dir='ltr'>dictis</span> <span class='ocrx_word' id='word_1_157' title='bbox 1256 2448 1318 2490; x_wconf 90' lang='lat' dir='ltr'><strong>om.</strong></span> <span class='ocrx_word' id='word_1_158' title='bbox 1360 2428 1434 2492; x_wconf 88' lang='grc'><strong>523.</strong></span> <span class='ocrx_word' id='word_1_159' title='bbox 1452 2427 1526 2490; x_wconf 80' lang='grc' dir='ltr'><strong>οὐδὲ</strong></span> 
     </span>
     <span class='ocr_line' id='line_1_19' title="bbox 355 2530 1528 2619; baseline 0.003 -25"><span class='ocrx_word' id='word_1_160' title='bbox 355 2531 509 2616; x_wconf 90' lang='grc' dir='ltr'><strong>πρότερον</strong></span> <span class='ocrx_word' id='word_1_161' title='bbox 544 2533 717 2618; x_wconf 85' lang='grc' dir='ltr'><strong>ἐσιώπησε.</strong></span> <span class='ocrx_word' id='word_1_162' title='bbox 777 2530 888 2617; x_wconf 88' lang='grc'><strong>52516.</strong></span> <span class='ocrx_word' id='word_1_163' title='bbox 924 2543 1055 2619; x_wconf 84' lang='grc' dir='ltr'><strong>σημεῖον</strong></span> <span class='ocrx_word' id='word_1_164' title='bbox 1089 2537 1144 2598; x_wconf 85' lang='grc' dir='ltr'><strong>καί</strong></span> <span class='ocrx_word' id='word_1_165' title='bbox 1177 2536 1240 2618; x_wconf 84' lang='grc' dir='ltr'><strong>γὰρ</strong></span> <span class='ocrx_word' id='word_1_166' title='bbox 1275 2536 1296 2618; x_wconf 83' lang='grc' dir='ltr'><strong>η</strong></span> <span class='ocrx_word' id='word_1_167' title='bbox 1330 2533 1453 2610; x_wconf 85' lang='grc' dir='ltr'><strong>κότινος</strong></span> <span class='ocrx_word' id='word_1_168' title='bbox 1487 2545 1528 2618; x_wconf 70' lang='grc' dir='ltr'><strong>τη</strong></span> 
     </span>
     <span class='ocr_line' id='line_1_20' title="bbox 353 2639 1524 2727; baseline 0.002 -25"><span class='ocrx_word' id='word_1_169' title='bbox 353 2639 478 2724; x_wconf 88' lang='grc' dir='ltr'><strong>γλώττη</strong></span> <span class='ocrx_word' id='word_1_170' title='bbox 504 2641 556 2704; x_wconf 82' lang='grc' dir='ltr'><strong>διὰ</strong></span> <span class='ocrx_word' id='word_1_171' title='bbox 579 2650 637 2724; x_wconf 79' lang='grc' dir='ltr'><strong>της</strong></span> <span class='ocrx_word' id='word_1_172' title='bbox 664 2653 778 2727; x_wconf 83' lang='grc' dir='ltr'><strong>πικρᾶς</strong></span> <span class='ocrx_word' id='word_1_173' title='bbox 806 2641 905 2718; x_wconf 81' lang='grc' dir='ltr'><strong>ἐλάας</strong></span> <span class='ocrx_word' id='word_1_174' title='bbox 932 2641 1116 2726; x_wconf 80' lang='grc' dir='ltr'><strong>παρέχεται.</strong></span> <span class='ocrx_word' id='word_1_175' title='bbox 1164 2642 1220 2705; x_wconf 88' lang='grc' dir='ltr'><strong>καί</strong></span> <span class='ocrx_word' id='word_1_176' title='bbox 1243 2641 1264 2724; x_wconf 83' lang='grc' dir='ltr'>ἡ</span> <span class='ocrx_word' id='word_1_177' title='bbox 1288 2650 1351 2705; x_wconf 86' lang='grc' dir='ltr'><strong>τών</strong></span> <span class='ocrx_word' id='word_1_178' title='bbox 1379 2651 1435 2705; x_wconf 90' lang='grc' dir='ltr'><strong>τοῦ</strong></span> <span class='ocrx_word' id='word_1_179' title='bbox 1458 2663 1524 2706; x_wconf 92' lang='grc' dir='ltr'><strong>ποι-</strong></span> 
     </span>
     <span class='ocr_line' id='line_1_21' title="bbox 355 2746 1526 2834; baseline 0.003 -25"><span class='ocrx_word' id='word_1_180' title='bbox 355 2746 444 2830; x_wconf 81' lang='grc' dir='ltr'><strong>μένος</strong></span> <span class='ocrx_word' id='word_1_181' title='bbox 470 2747 620 2832; x_wconf 80' lang='grc' dir='ltr'><strong>ῥημάτων</strong></span> <span class='ocrx_word' id='word_1_182' title='bbox 651 2749 814 2834; x_wconf 82' lang='grc' dir='ltr'><strong>τραχύτης</strong></span> <span class='ocrx_word' id='word_1_183' title='bbox 845 2747 1073 2833; x_wconf 86' lang='grc' dir='ltr'><strong>κατεχώρησεν</strong></span> <span class='ocrx_word' id='word_1_184' title='bbox 1105 2749 1148 2825; x_wconf 88' lang='grc' dir='ltr'><strong>είς</strong></span> <span class='ocrx_word' id='word_1_185' title='bbox 1181 2750 1292 2812; x_wconf 85' lang='grc' dir='ltr'><strong>ἐκεῖνο.</strong></span> <span class='ocrx_word' id='word_1_186' title='bbox 1341 2747 1416 2813; x_wconf 85' lang='grc'><strong>529.</strong></span> <span class='ocrx_word' id='word_1_187' title='bbox 1441 2749 1526 2813; x_wconf 79' lang='lat' dir='ltr'>bolla</span> 
     </span>
     <span class='ocr_line' id='line_1_22' title="bbox 353 2851 1530 2941; baseline 0.004 -26"><span class='ocrx_word' id='word_1_188' title='bbox 353 2853 518 2936; x_wconf 79' lang='lat' dir='ltr'>instructa]</span> <span class='ocrx_word' id='word_1_189' title='bbox 536 2855 677 2941; x_wconf 80' lang='grc' dir='ltr'><strong>δυστυχῆ</strong></span> <span class='ocrx_word' id='word_1_190' title='bbox 694 2855 833 2941; x_wconf 87' lang='grc' dir='ltr'><strong>πόλεμον</strong></span> <span class='ocrx_word' id='word_1_191' title='bbox 848 2884 885 2908; x_wconf 91' lang='lat'>=</span> <span class='ocrx_word' id='word_1_192' title='bbox 899 2855 1050 2920; x_wconf 80' lang='lat' dir='ltr'>infausta.</span> <span class='ocrx_word' id='word_1_193' title='bbox 1096 2851 1208 2938; x_wconf 90' lang='grc'><strong>53011.</strong></span> <span class='ocrx_word' id='word_1_194' title='bbox 1224 2856 1241 2917; x_wconf 93' lang='grc' dir='ltr'><strong>ό</strong></span> <span class='ocrx_word' id='word_1_195' title='bbox 1256 2877 1294 2939; x_wconf 88' lang='grc' dir='ltr'><strong>γε</strong></span> <span class='ocrx_word' id='word_1_196' title='bbox 1311 2858 1371 2941; x_wconf 81' lang='grc' dir='ltr'><strong>μὴν</strong></span> <span class='ocrx_word' id='word_1_197' title='bbox 1388 2856 1530 2940; x_wconf 83' lang='grc' dir='ltr'><strong>Τοῦρνος</strong></span> 
     </span>
     <span class='ocr_line' id='line_1_23' title="bbox 354 2961 1526 3048; baseline 0.003 -26"><span class='ocrx_word' id='word_1_198' title='bbox 354 2969 416 3043; x_wconf 89' lang='grc' dir='ltr'><strong>πῦρ</strong></span> <span class='ocrx_word' id='word_1_199' title='bbox 433 2961 551 3046; x_wconf 89' lang='grc' dir='ltr'><strong>λαῦρον</strong></span> <span class='ocrx_word' id='word_1_200' title='bbox 568 2963 618 3027; x_wconf 86' lang='grc' dir='ltr'><strong>ἐπὶ</strong></span> <span class='ocrx_word' id='word_1_201' title='bbox 641 2965 696 3038; x_wconf 79' lang='grc' dir='ltr'><strong>τὰς</strong></span> <span class='ocrx_word' id='word_1_202' title='bbox 719 2972 796 3039; x_wconf 89' lang='grc' dir='ltr'><strong>ναῦς</strong></span> <span class='ocrx_word' id='word_1_203' title='bbox 811 2961 899 3048; x_wconf 87' lang='grc' dir='ltr'><strong>φέρει</strong></span> <span class='ocrx_word' id='word_1_204' title='bbox 914 2964 970 3027; x_wconf 89' lang='grc' dir='ltr'><strong>καί</strong></span> <span class='ocrx_word' id='word_1_205' title='bbox 985 2962 1164 3027; x_wconf 78' lang='grc' dir='ltr'><strong>δεδοίκασιν</strong></span> <span class='ocrx_word' id='word_1_206' title='bbox 1181 2962 1213 3024; x_wconf 84' lang='grc' dir='ltr'><strong>αἱ</strong></span> <span class='ocrx_word' id='word_1_207' title='bbox 1230 2972 1301 3046; x_wconf 85' lang='grc' dir='ltr'><strong>νηες</strong></span> <span class='ocrx_word' id='word_1_208' title='bbox 1316 2966 1352 3025; x_wconf 87' lang='grc' dir='ltr'><strong>τὸ</strong></span> <span class='ocrx_word' id='word_1_209' title='bbox 1368 2973 1429 3047; x_wconf 88' lang='grc' dir='ltr'><strong>πῦρ</strong></span> <span class='ocrx_word' id='word_1_210' title='bbox 1454 2965 1526 3028; x_wconf 83' lang='grc' dir='ltr'><strong>κτλ.</strong></span> 
     </span>
     <span class='ocr_line' id='line_1_24' title="bbox 355 3067 1525 3154; baseline 0.004 -25"><span class='ocrx_word' id='word_1_211' title='bbox 355 3067 428 3129; x_wconf 89' lang='grc'><strong>534.</strong></span> <span class='ocrx_word' id='word_1_212' title='bbox 454 3071 509 3131; x_wconf 85' lang='grc' dir='ltr'><strong>καί</strong></span> <span class='ocrx_word' id='word_1_213' title='bbox 532 3071 572 3130; x_wconf 86' lang='grc' dir='ltr'><strong>τὰ</strong></span> <span class='ocrx_word' id='word_1_214' title='bbox 588 3069 843 3154; x_wconf 87' lang='grc' dir='ltr'><strong>καταστρώματα</strong></span> <span class='ocrx_word' id='word_1_215' title='bbox 859 3077 922 3134; x_wconf 83' lang='grc' dir='ltr'><strong>τῶν</strong></span> <span class='ocrx_word' id='word_1_216' title='bbox 945 3069 1062 3133; x_wconf 93' lang='grc' dir='ltr'><strong>κοίλων</strong></span> <span class='ocrx_word' id='word_1_217' title='bbox 1079 3077 1164 3152; x_wconf 84' lang='grc' dir='ltr'><strong>νηῶν</strong></span> <span class='ocrx_word' id='word_1_218' title='bbox 1180 3069 1318 3153; x_wconf 85' lang='grc' dir='ltr'><strong>ἐτύφετο.</strong></span> <span class='ocrx_word' id='word_1_219' title='bbox 1360 3071 1433 3134; x_wconf 87' lang='grc'><strong>543.</strong></span> <span class='ocrx_word' id='word_1_220' title='bbox 1452 3093 1525 3134; x_wconf 86' lang='lat' dir='ltr'><strong>cum</strong></span> 
     </span>
    </p>
   </div>
   <div class='ocr_carea' id='block_1_7' title="bbox 351 3173 1528 3800">
    <p class='ocr_par' dir='ltr' id='par_1_7' title="bbox 351 3173 1528 3800">
     <span class='ocr_line' id='line_1_25' title="bbox 353 3173 1528 3263; baseline 0.003 -27"><span class='ocrx_word' id='word_1_221' title='bbox 353 3173 487 3238; x_wconf 76' lang='lat' dir='ltr'><strong>saliente</strong></span> <span class='ocrx_word' id='word_1_222' title='bbox 523 3175 692 3261; x_wconf 83' lang='lat' dir='ltr'>grandine]</span> <span class='ocrx_word' id='word_1_223' title='bbox 727 3179 786 3241; x_wconf 89' lang='grc' dir='ltr'><strong>σύν</strong></span> <span class='ocrx_word' id='word_1_224' title='bbox 818 3177 949 3263; x_wconf 81' lang='grc' dir='ltr'><strong>χαλάζῃ</strong></span> <span class='ocrx_word' id='word_1_225' title='bbox 984 3177 1117 3261; x_wconf 82' lang='grc' dir='ltr'><strong>σφοδρᾷ.</strong></span> <span class='ocrx_word' id='word_1_226' title='bbox 1167 3177 1240 3240; x_wconf 90' lang='grc'><strong>552.</strong></span> <span class='ocrx_word' id='word_1_227' title='bbox 1276 3175 1427 3262; x_wconf 86' lang='lat' dir='ltr'>navigiis]</span> <span class='ocrx_word' id='word_1_228' title='bbox 1462 3187 1528 3254; x_wconf 89' lang='grc' dir='ltr'><strong>τοῖς</strong></span> 
     </span>
     <span class='ocr_line' id='line_1_26' title="bbox 352 3281 1524 3369; baseline 0.004 -25"><span class='ocrx_word' id='word_1_229' title='bbox 352 3281 480 3366; x_wconf 90' lang='grc' dir='ltr'><strong>κύμασι.</strong></span> <span class='ocrx_word' id='word_1_230' title='bbox 529 3284 602 3347; x_wconf 91' lang='grc'><strong>555.</strong></span> <span class='ocrx_word' id='word_1_231' title='bbox 620 3283 662 3347; x_wconf 85' lang='lat' dir='ltr'><strong>ad</strong></span> <span class='ocrx_word' id='word_1_232' title='bbox 683 3282 879 3364; x_wconf 83' lang='lat' dir='ltr'>„timebant“</span> <span class='ocrx_word' id='word_1_233' title='bbox 898 3284 986 3348; x_wconf 88' lang='lat' dir='ltr'>add.:</span> <span class='ocrx_word' id='word_1_234' title='bbox 1012 3293 1085 3367; x_wconf 78' lang='grc' dir='ltr'><strong>νῆες</strong></span> <span class='ocrx_word' id='word_1_235' title='bbox 1108 3287 1211 3347; x_wconf 89' lang='grc' dir='ltr'><strong>ούσαι.</strong></span> <span class='ocrx_word' id='word_1_236' title='bbox 1260 3285 1334 3347; x_wconf 92' lang='grc'><strong>557.</strong></span> <span class='ocrx_word' id='word_1_237' title='bbox 1358 3284 1524 3369; x_wconf 88' lang='lat' dir='ltr'>durisque]</span> 
     </span>
     <span class='ocr_line' id='line_1_27' title="bbox 353 3386 1521 3476; baseline 0.004 -25"><span class='ocrx_word' id='word_1_238' title='bbox 353 3390 409 3452; x_wconf 83' lang='grc' dir='ltr'><strong>καί</strong></span> <span class='ocrx_word' id='word_1_239' title='bbox 437 3389 469 3455; x_wconf 83' lang='grc' dir='ltr'><strong>ἐν</strong></span> <span class='ocrx_word' id='word_1_240' title='bbox 496 3393 611 3474; x_wconf 85' lang='grc' dir='ltr'><strong>άκροις.</strong></span> <span class='ocrx_word' id='word_1_241' title='bbox 661 3386 804 3475; x_wconf 86' lang='grc' dir='ltr'><strong>559161.Ι</strong></span> <span class='ocrx_word' id='word_1_242' title='bbox 830 3394 890 3455; x_wconf 89' lang='grc' dir='ltr'><strong>ούκ</strong></span> <span class='ocrx_word' id='word_1_243' title='bbox 926 3390 1157 3476; x_wconf 71' lang='grc' dir='ltr'><strong>ἐπιλαθόμεναι</strong></span> <span class='ocrx_word' id='word_1_244' title='bbox 1192 3390 1294 3476; x_wconf 83' lang='grc' dir='ltr'><strong>μέντοι</strong></span> <span class='ocrx_word' id='word_1_245' title='bbox 1328 3392 1446 3457; x_wconf 84' lang='grc' dir='ltr'><strong>ὁπόσον</strong></span> <span class='ocrx_word' id='word_1_246' title='bbox 1481 3394 1521 3476; x_wconf 82' lang='grc' dir='ltr'><strong>δὴ</strong></span> 
     </span>
     <span class='ocr_line' id='line_1_28' title="bbox 352 3495 1526 3582; baseline 0.005 -24"><span class='ocrx_word' id='word_1_247' title='bbox 352 3495 512 3580; x_wconf 87' lang='grc' dir='ltr'><strong>χαλεποὺς</strong></span> <span class='ocrx_word' id='word_1_248' title='bbox 539 3498 703 3574; x_wconf 85' lang='grc' dir='ltr'><strong>κινδύνους</strong></span> <span class='ocrx_word' id='word_1_249' title='bbox 735 3497 892 3575; x_wconf 89' lang='grc' dir='ltr'><strong>πολλάκις</strong></span> <span class='ocrx_word' id='word_1_250' title='bbox 924 3496 1119 3582; x_wconf 83' lang='grc' dir='ltr'><strong>ὑπήνεγκαν,</strong></span> <span class='ocrx_word' id='word_1_251' title='bbox 1142 3495 1299 3575; x_wconf 86' lang='grc' dir='ltr'><strong>πολλάκις</strong></span> <span class='ocrx_word' id='word_1_252' title='bbox 1330 3509 1399 3577; x_wconf 84' lang='grc' dir='ltr'><strong>ταῖς</strong></span> <span class='ocrx_word' id='word_1_253' title='bbox 1427 3522 1526 3564; x_wconf 75' lang='grc' dir='ltr'><strong>ναυα-</strong></span> 
     </span>
     <span class='ocr_line' id='line_1_29' title="bbox 351 3603 1524 3692; baseline 0.005 -28"><span class='ocrx_word' id='word_1_254' title='bbox 351 3603 483 3684; x_wconf 89' lang='grc' dir='ltr'><strong>γούσαις</strong></span> <span class='ocrx_word' id='word_1_255' title='bbox 510 3605 544 3667; x_wconf 85' lang='grc' dir='ltr'><strong>ἐν</strong></span> <span class='ocrx_word' id='word_1_256' title='bbox 571 3613 615 3689; x_wconf 83' lang='grc' dir='ltr'><strong>τῷ</strong></span> <span class='ocrx_word' id='word_1_257' title='bbox 642 3604 777 3689; x_wconf 89' lang='grc' dir='ltr'><strong>πελάγει</strong></span> <span class='ocrx_word' id='word_1_258' title='bbox 811 3605 903 3668; x_wconf 88' lang='grc' dir='ltr'><strong>ναυσί</strong></span> <span class='ocrx_word' id='word_1_259' title='bbox 930 3616 1039 3690; x_wconf 85' lang='grc' dir='ltr'><strong>χεῖρας</strong></span> <span class='ocrx_word' id='word_1_260' title='bbox 1073 3605 1327 3683; x_wconf 74' lang='grc' dir='ltr'><strong>ύποτεθείκασιν,</strong></span> <span class='ocrx_word' id='word_1_261' title='bbox 1356 3607 1383 3670; x_wconf 85' lang='grc' dir='ltr'><strong>εί</strong></span> <span class='ocrx_word' id='word_1_262' title='bbox 1412 3606 1524 3692; x_wconf 82' lang='grc' dir='ltr'><strong>μήτις</strong></span> 
     </span>
     <span class='ocr_line' id='line_1_30' title="bbox 351 3701 1524 3800; baseline 0.005 -28"><span class='ocrx_word' id='word_1_263' title='bbox 351 3710 462 3792; x_wconf 79' lang='grc' dir='ltr'><strong>ἔφερεν</strong></span> <span class='ocrx_word' id='word_1_264' title='bbox 493 3707 648 3796; x_wconf 89' lang='grc' dir='ltr'><strong>Ἀχαιούς.</strong></span> <span class='ocrx_word' id='word_1_265' title='bbox 697 3706 807 3794; x_wconf 89' lang='grc'><strong>56819.</strong></span> <span class='ocrx_word' id='word_1_266' title='bbox 837 3713 893 3777; x_wconf 85' lang='grc' dir='ltr'><strong>καὶ</strong></span> <span class='ocrx_word' id='word_1_267' title='bbox 916 3714 963 3776; x_wconf 88' lang='grc' dir='ltr'><strong>ότι</strong></span> <span class='ocrx_word' id='word_1_268' title='bbox 990 3711 1049 3796; x_wconf 78' lang='grc' dir='ltr'><strong>πέρ</strong></span> <span class='ocrx_word' id='word_1_269' title='bbox 1079 3713 1146 3776; x_wconf 82' lang='grc' dir='ltr'><strong>ἐστι</strong></span> <span class='ocrx_word' id='word_1_270' title='bbox 1174 3701 1280 3794; x_wconf 71' lang='grc' dir='ltr'><strong>θεῶν,Ι</strong></span> <span class='ocrx_word' id='word_1_271' title='bbox 1298 3715 1385 3790; x_wconf 86' lang='grc' dir='ltr'><strong>ἴσους</strong></span> <span class='ocrx_word' id='word_1_272' title='bbox 1414 3715 1524 3800; x_wconf 81' lang='grc' dir='ltr'><strong>ἔχουσι</strong></span> 
     </span>
    </p>
   </div>
   <div class='ocr_carea' id='block_1_8' title="bbox 349 3941 1560 4457">
    <p class='ocr_par' dir='ltr' id='par_1_8' title="bbox 350 3941 1560 4191">
     <span class='ocr_line' id='line_1_31' title="bbox 352 3941 1524 4014; baseline 0.001 -20"><span class='ocrx_word' id='word_1_273' title='bbox 352 3941 507 4010; x_wconf 80' lang='lat' dir='ltr'>utrumqne</span> <span class='ocrx_word' id='word_1_274' title='bbox 525 3941 557 3996; x_wconf 76' lang='lat' dir='ltr'><strong>In</strong></span> <span class='ocrx_word' id='word_1_275' title='bbox 574 3942 671 4004; x_wconf 78' lang='grc' dir='ltr'><strong>ξανὸὸς</strong></span> <span class='ocrx_word' id='word_1_276' title='bbox 691 3941 788 4011; x_wconf 72' lang='lat' dir='ltr'>venit,</span> <span class='ocrx_word' id='word_1_277' title='bbox 808 3943 842 3999; x_wconf 82' lang='lat' dir='ltr'><strong>cf.</strong></span> <span class='ocrx_word' id='word_1_278' title='bbox 863 3944 891 3999; x_wconf 88' lang='lat'><strong>11</strong></span> <span class='ocrx_word' id='word_1_279' title='bbox 911 3944 1013 3999; x_wconf 74' lang='grc'><strong>86511]</strong></span> <span class='ocrx_word' id='word_1_280' title='bbox 1036 3943 1125 4000; x_wconf 83' lang='lat' dir='ltr'>fulvis</span> <span class='ocrx_word' id='word_1_281' title='bbox 1148 3941 1279 4014; x_wconf 83' lang='lat' dir='ltr'>harenis]</span> <span class='ocrx_word' id='word_1_282' title='bbox 1299 3947 1406 4011; x_wconf 75' lang='grc' dir='ltr'><strong>ἐπίσης</strong></span> <span class='ocrx_word' id='word_1_283' title='bbox 1424 3943 1524 4009; x_wconf 67' lang='grc' dir='ltr'><strong>ξανθῆς</strong></span> 
     </span>
     <span class='ocr_line' id='line_1_32' title="bbox 352 4029 1560 4103; baseline 0.005 -23"><span class='ocrx_word' id='word_1_284' title='bbox 352 4031 445 4097; x_wconf 70' lang='grc' dir='ltr'><strong>ἅμμου,</strong></span> <span class='ocrx_word' id='word_1_285' title='bbox 474 4029 591 4086; x_wconf 45' lang='grc' dir='ltr'><strong>111273Ὶ</strong></span> <span class='ocrx_word' id='word_1_286' title='bbox 611 4030 695 4087; x_wconf 83' lang='lat' dir='ltr'>fulva</span> <span class='ocrx_word' id='word_1_287' title='bbox 721 4031 810 4100; x_wconf 85' lang='lat' dir='ltr'>nube]</span> <span class='ocrx_word' id='word_1_288' title='bbox 839 4034 922 4100; x_wconf 66' lang='grc' dir='ltr'><strong>ξανθῇ</strong></span> <span class='ocrx_word' id='word_1_289' title='bbox 940 4034 1037 4100; x_wconf 78' lang='grc' dir='ltr'><strong>νεφὸλη</strong></span> <span class='ocrx_word' id='word_1_290' title='bbox 1065 4035 1094 4088; x_wconf 85' lang='lat' dir='ltr'><strong>et</strong></span> <span class='ocrx_word' id='word_1_291' title='bbox 1121 4034 1218 4091; x_wconf 81' lang='lat'>11245</span> <span class='ocrx_word' id='word_1_292' title='bbox 1240 4034 1335 4090; x_wconf 84' lang='lat' dir='ltr'>ssavus</span> <span class='ocrx_word' id='word_1_293' title='bbox 1355 4030 1522 4103; x_wconf 63' lang='lat' dir='ltr'>Lycormas}</span> <span class='ocrx_word' id='word_1_294' title='bbox 1557 4051 1560 4054; x_wconf 95' lang='lat'>·</span> 
     </span>
     <span class='ocr_line' id='line_1_33' title="bbox 350 4119 1202 4191; baseline 0.009 -21"><span class='ocrx_word' id='word_1_295' title='bbox 350 4119 445 4182; x_wconf 66' lang='grc' dir='ltr'><strong>ξανθὸς</strong></span> <span class='ocrx_word' id='word_1_296' title='bbox 464 4121 614 4187; x_wconf 87' lang='grc' dir='ltr'><strong>Λυκόρμας,</strong></span> <span class='ocrx_word' id='word_1_297' title='bbox 633 4121 677 4176; x_wconf 94' lang='lat' dir='ltr'><strong>III</strong></span> <span class='ocrx_word' id='word_1_298' title='bbox 695 4123 748 4177; x_wconf 87' lang='grc'><strong>487</strong></span> <span class='ocrx_word' id='word_1_299' title='bbox 767 4121 863 4178; x_wconf 81' lang='lat' dir='ltr'><strong>flavae</strong></span> <span class='ocrx_word' id='word_1_300' title='bbox 882 4121 977 4191; x_wconf 79' lang='lat' dir='ltr'><strong>cerae]</strong></span> <span class='ocrx_word' id='word_1_301' title='bbox 996 4123 1093 4186; x_wconf 71' lang='grc' dir='ltr'><strong>ξανθὸς</strong></span> <span class='ocrx_word' id='word_1_302' title='bbox 1111 4125 1202 4190; x_wconf 88' lang='grc' dir='ltr'><strong>κηρός.</strong></span> 
     </span>
    </p>

    <p class='ocr_par' dir='ltr' id='par_1_9' title="bbox 349 4209 1521 4457">
     <span class='ocr_line' id='line_1_34' title="bbox 439 4209 1521 4281; baseline 0.001 -17"><span class='ocrx_word' id='word_1_303' title='bbox 439 4209 502 4276; x_wconf 86' lang='grc'><strong>220)</strong></span> <span class='ocrx_word' id='word_1_304' title='bbox 522 4209 719 4265; x_wconf 75' lang='lat' dir='ltr'><strong>commutavit</strong></span> <span class='ocrx_word' id='word_1_305' title='bbox 746 4211 862 4267; x_wconf 80' lang='lat' dir='ltr'>moenia</span> <span class='ocrx_word' id='word_1_306' title='bbox 880 4229 908 4266; x_wconf 85' lang='grc' dir='ltr'><strong>ν.</strong></span> <span class='ocrx_word' id='word_1_307' title='bbox 926 4213 979 4267; x_wconf 84' lang='grc'><strong>456</strong></span> <span class='ocrx_word' id='word_1_308' title='bbox 999 4214 1028 4268; x_wconf 83' lang='lat' dir='ltr'><strong>et</strong></span> <span class='ocrx_word' id='word_1_309' title='bbox 1055 4211 1158 4267; x_wconf 82' lang='lat' dir='ltr'><strong>urbem</strong></span> <span class='ocrx_word' id='word_1_310' title='bbox 1176 4229 1204 4268; x_wconf 90' lang='grc' dir='ltr'><strong>ν.</strong></span> <span class='ocrx_word' id='word_1_311' title='bbox 1223 4216 1290 4281; x_wconf 83' lang='grc'><strong>457;</strong></span> <span class='ocrx_word' id='word_1_312' title='bbox 1310 4228 1347 4269; x_wconf 83' lang='lat' dir='ltr'><strong>an</strong></span> <span class='ocrx_word' id='word_1_313' title='bbox 1367 4230 1393 4268; x_wconf 89' lang='lat' dir='ltr'><strong>v.</strong></span> <span class='ocrx_word' id='word_1_314' title='bbox 1413 4215 1465 4269; x_wconf 83' lang='grc'><strong>457</strong></span> <span class='ocrx_word' id='word_1_315' title='bbox 1484 4211 1521 4266; x_wconf 81' lang='lat' dir='ltr'><strong>ad</strong></span> 
     </span>
     <span class='ocr_line' id='line_1_35' title="bbox 350 4299 1521 4369; baseline 0.003 -18"><span class='ocrx_word' id='word_1_316' title='bbox 350 4311 432 4352; x_wconf 85' lang='lat' dir='ltr'>arces</span> <span class='ocrx_word' id='word_1_317' title='bbox 459 4299 591 4355; x_wconf 80' lang='lat' dir='ltr'>invenit?</span> <span class='ocrx_word' id='word_1_318' title='bbox 620 4299 656 4356; x_wconf 83' lang='lat' dir='ltr'><strong>cI.</strong></span> <span class='ocrx_word' id='word_1_319' title='bbox 675 4299 746 4356; x_wconf 87' lang='lat' dir='ltr'>XIII</span> <span class='ocrx_word' id='word_1_320' title='bbox 768 4303 817 4356; x_wconf 89' lang='grc'><strong>196</strong></span> <span class='ocrx_word' id='word_1_321' title='bbox 846 4300 884 4356; x_wconf 83' lang='lat' dir='ltr'><strong>ad</strong></span> <span class='ocrx_word' id='word_1_322' title='bbox 912 4316 994 4358; x_wconf 80' lang='lat' dir='ltr'>arces</span> <span class='ocrx_word' id='word_1_323' title='bbox 1023 4300 1139 4369; x_wconf 81' lang='lat' dir='ltr'><strong>Iliacas]</strong></span> <span class='ocrx_word' id='word_1_324' title='bbox 1170 4304 1234 4367; x_wconf 86' lang='grc' dir='ltr'><strong>πρὸς</strong></span> <span class='ocrx_word' id='word_1_325' title='bbox 1261 4305 1295 4353; x_wconf 84' lang='grc' dir='ltr'><strong>τὰ</strong></span> <span class='ocrx_word' id='word_1_326' title='bbox 1314 4304 1420 4369; x_wconf 77' lang='grc' dir='ltr'><strong>Τρωικά</strong></span> <span class='ocrx_word' id='word_1_327' title='bbox 1438 4305 1521 4367; x_wconf 78' lang='grc' dir='ltr'><strong>τείχη,</strong></span> 
     </span>
     <span class='ocr_line' id='line_1_36' title="bbox 349 4385 1054 4457; baseline 0.003 -17"><span class='ocrx_word' id='word_1_328' title='bbox 349 4385 399 4440; x_wconf 83' lang='lat' dir='ltr'><strong>XV</strong></span> <span class='ocrx_word' id='word_1_329' title='bbox 413 4389 465 4442; x_wconf 89' lang='grc'><strong>582</strong></span> <span class='ocrx_word' id='word_1_330' title='bbox 484 4387 584 4443; x_wconf 76' lang='lat' dir='ltr'><strong>Latiae</strong></span> <span class='ocrx_word' id='word_1_331' title='bbox 602 4387 696 4457; x_wconf 81' lang='lat' dir='ltr'>arces]</span> <span class='ocrx_word' id='word_1_332' title='bbox 715 4393 748 4440; x_wconf 82' lang='grc' dir='ltr'><strong>τὰ</strong></span> <span class='ocrx_word' id='word_1_333' title='bbox 767 4393 818 4441; x_wconf 82' lang='grc' dir='ltr'><strong>τῶν</strong></span> <span class='ocrx_word' id='word_1_334' title='bbox 836 4390 953 4442; x_wconf 81' lang='grc' dir='ltr'><strong>Λατίνων</strong></span> <span class='ocrx_word' id='word_1_335' title='bbox 972 4394 1054 4457; x_wconf 81' lang='grc' dir='ltr'><strong>τείχη.</strong></span> 
     </span>
    </p>
   </div>
   <div class='ocr_carea' id='block_1_9' title="bbox 0 0 1710 5104">
    <p class='ocr_par' dir='ltr' id='par_1_10' title="bbox 0 0 1710 5104">
     <span class='ocr_line' id='line_1_37' title="bbox 0 0 1710 5104; baseline 0 3"><span class='ocrx_word' id='word_1_336' title='bbox 0 0 1710 5104; x_wconf 95' lang='lat' dir='ltr'><strong> </strong></span> 
     </span>
    </p>
   </div>
  </div>
 </body>
</html>
