3410 5104
703 539 913 600 ...25-

222 753 308 840 δεξιᾷ
331 753 560 840 φριμάσσοντος
583 753 693 818 τούτου
716 752 838 837 πλευρᾷ
860 755 913 818 τὸν
936 751 1101 837 καμπύλον
1123 751 1213 838 μέχρι
1235 762 1293 836 τῆς
1313 773 1393 836 καμ·

221 872 284 947 πῆς
316 862 435 946 ἔκρυψε
467 861 603 946 σίδηρον.
664 861 737 924 727.
771 856 933 941 vulnerat]
969 859 1098 944 πλήττει
1130 899 1162 918 =
1195 857 1394 940 vulnerat.⁸⁵)

223 969 298 1034 738.
326 968 503 1052 Κασσιέπη.
550 975 643 1052 pater
670 989 732 1032 om.
782 969 855 1031 741.
881 967 963 1030 dura
990 988 1052 1031 om.
1101 966 1174 1030 743.
1199 966 1395 1051 Φορκυνίδος

221 1076 392 1160 Μεδούσης.
442 1074 514 1138 749.
539 1075 703 1161 σπέρματά
730 1095 764 1138 τε
792 1075 825 1153 ἐξ
848 1074 975 1139 ἐκείνων
998 1075 1253 1159 ἀναζωπυροῦσιν
1278 1075 1395 1151 ἐντοῖς

222 1186 316 1249 ὕδασι
341 1182 468 1267 ῥίψασαι
490 1221 522 1240 =
546 1184 672 1246 iterant.
721 1182 795 1245 759.
821 1179 1036 1265 praeentinnt]
1061 1182 1209 1246 ἀνάπτειν
1232 1181 1396 1246 κελεύουσι

223 1331 256 1350 .-.
273 1291 483 1376 praecipiunt.
518 1289 596 1352 Post
619 1290 682 1352 763
704 1289 902 1373 interpunxit
917 1294 949 1351 et
968 1287 1160 1368 ,ἰιιοίιυοτιιιι
1180 1309 1251 1352 eum
1272 1288 1393 1368 „atria“

224 1398 397 1462 coniunxit.
446 1396 520 1459 764.
553 1394 707 1480 Cepheni]
737 1398 766 1460 οί
792 1395 934 1481 Κηφειοι.
983 1397 1057 1459 767.
1087 1391 1258 1480 Lyncides]
1281 1391 1394 1480 Ἀβαν-

223 1505 340 1589 τιάδης.
386 1505 426 1569 τά
452 1525 487 1568 τε
515 1505 583 1588 ἤθη
613 1507 666 1568 καί
693 1507 748 1581 τάς
772 1505 874 1589 ψυχάς
897 1513 958 1569 τῶν
981 1504 1112 1589 ἀνδρῶν.
1160 1499 1291 1568 569770.
1316 1506 1396 1588 άπερ

224 1613 302 1693 ὁμοῦ
334 1633 369 1676 τε
405 1611 542 1690 ἐδίδαξεν
575 1613 599 1677 ὁ·
625 1610 751 1696 Κηφεὺς
789 1614 844 1674 καί
879 1608 965 1676 ‘Ner’
997 1614 1090 1683 εἶπεν,
1126 1606 1161 1674 ‘rit
1198 1609 1396 1694 γενναιότατε

224 1719 357 1803 Περσεῦ,
374 1721 450 1801 εἰπὲ,
468 1718 586 1804 δέομαι,
602 1717 659 1784 τίνι
676 1719 805 1803 δυνάμει
820 1719 888 1783 κτλ.
897 1717 936 1798 86)
970 1720 1043 1783 772.
1062 1715 1179 1804 gelido]
1192 1727 1311 1804 χρυσῷ,
1329 1717 1349 1779 i.
1368 1739 1395 1781 e.

224 1827 346 1912 ψυχρῷ.
384 1827 458 1891 779.
475 1828 596 1912 passim
612 1849 675 1890 om.
713 1829 731 1888 7
736 1828 787 1891 80.
805 1827 983 1913 ἀνθρώπων
1004 1826 1185 1912 ὁμοιώματα
1200 1829 1255 1891 καί
1274 1827 1395 1912 οηριῑ1ν.

212 1936 298 1998 781.
330 1935 362 1997 in
394 1935 516 1998 silicem
548 1957 610 1998 om.
666 1931 776 2000 782t3.
802 1937 894 2012 αὐτὸς
926 1931 955 1997 δ’
977 1936 1061 2020 ὅμως
1090 1937 1146 2018 τὴν
1176 1933 1311 2020 φοβερὰν
1340 1943 1397 2018 τῆς

223 2040 388 2127 Μεδούσης
413 2045 544 2127 μορφὴν,
569 2053 607 2127 τη
637 2045 709 2126 περὶ
736 2045 788 2107 τδν
817 2043 945 2126 σίδηρον
974 2041 1204 2108 ἀντανακλάσει
1232 2044 1285 2107 τὸν
1313 2043 1396 2106 κατά

222 2152 279 2234 τὴν
312 2150 432 2214 ἀσπίδα
463 2150 503 2233 ἣν
535 2159 574 2234 τῇ
608 2151 684 2234 λαιᾷ
715 2152 807 2236 ἔφερε
838 2189 871 2208 =
902 2171 936 2213 se
966 2155 1074 2213 tamen
1105 2150 1298 2212 horrendam
1329 2171 1395 2234 eqs.

225 2257 300 2320 784.
324 2260 378 2321 καί
408 2261 506 2322 ὕπνου
542 2257 652 2343 βαρέος
687 2255 782 2340 αὐτήν
817 2280 851 2322 τε
886 2260 941 2321 καί
975 2260 1047 2333 τοὺς
1081 2259 1165 2340 ὄφεις
1198 2256 1395 2342 κατέχοντος.

225 2365 298 2427 786.
323 2367 473 2442 καὶτοὺς
499 2374 543 2450 τῷ
571 2376 625 2450 τῆς
649 2368 761 2450 μητρὸς
790 2367 897 2450 αίματι
926 2364 1111 2449 γενομένους
1134 2364 1287 2448 ἀδελφοὺς
1311 2365 1397 2449 αὐτῷ

224 2474 317 2555 ὄφεις.
375 2473 449 2534 790.
474 2475 545 2555 πρίν
579 2475 690 2550 αὐτοὺς
723 2472 916 2558 ἐκδέχεσθαι
947 2508 983 2532 =
1012 2477 1086 2535 ante
1119 2469 1395 2556 exspectatnrn.⁸⁷)

225 2579 299 2640 792.
330 2578 535 2663 μεμιγμένους
573 2589 635 2656 τοῖς
672 2581 845 2665 πλοκάμοις
883 2579 1140 2664 ἀλλεπαλλήλους
1179 2578 1264 2664 φέρει
1302 2581 1396 2663 ὄφεις.

226 2687 300 2748 797.
334 2689 423 2770 εὗρον
458 2689 487 2750 οἳ
521 2687 649 2763 ἑαυτοὺς
682 2685 774 2752 τοῦθ’
797 2688 971 2772 ἑωρακέναι
1006 2687 1091 2772 φασί.
1139 2687 1213 2752 803.
1250 2683 1396 2768 adverso]

226 2792 472 2878 ἀπεστραμμένῳ
497 2832 530 2851 =
555 2815 678 2857 averso.

316 2898 355 2961 V.
385 2904 410 2962 l.
431 2910 493 2964 τῶν
511 2898 667 2986 Κηφείων.
709 2904 737 2964 2.
756 2903 852 2986 ὄχλου
868 2903 1043 2988 ταραχηςὴ
1062 2902 1206 2988 βασιλικὴ
1224 2901 1398 2986 πληροῦται

226 3004 315 3090 αὐλή.
364 3008 415 3071 20.
448 3008 508 3070 nisi
540 3007 575 3088 si]
612 3010 638 3072 εί
674 3012 714 3093 μὴ
746 3010 793 3074 σύ.
842 3012 894 3072 34.
920 3012 994 3094 ἔστη
1030 3011 1130 3094 παγὲν
1165 3009 1226 3095 γάρ
1259 3010 1310 3074 ἐπί
1344 3019 1398 3094 τῆς

225 3115 343 3200 κλίνης.
377 3114 441 3178 Καί
455 3126 511 3179 τοῦ
527 3115 717 3201 στρώματος
742 3117 838 3194 εὐθὺς
854 3118 870 3182 δ
886 3116 1027 3203 Περσεὺς
1042 3118 1237 3203 ἀπεπήδησε.
1274 3119 1328 3183 38.
1343 3127 1397 3181 τοῦ

228 3220 360 3287 Ῥοίτου.
412 3223 465 3286 47.
495 3220 601 3300 Ἀτυς.
649 3225 702 3288 48.
731 3223 866 3308 Λιμάτη.
919 3227 971 3288 52.
1001 3231 1113 3289 aurata
1140 3223 1285 3307 monilia]
1314 3247 1398 3311 περι·

226 3330 348 3414 δέραιον
383 3331 630 3417 κεκοσμημένον.
678 3332 730 3394 59.
766 3334 801 3396 τὸ
835 3333 934 3398 καλὸν
968 3333 1137 3417 πρόσωπον
1172 3372 1205 3391 --
1240 3333 1397 3396 laudatos.

227 3437 278 3501 63.
305 3441 356 3501 72.
381 3435 490 3504 Ἄτυν.
538 3442 589 3503 74.
614 3439 776 3524 Συηνίτης.
825 3441 876 3502 75.
902 3438 999 3522 avidi]
1027 3437 1218 3526 γλιχόμενος.
1267 3442 1318 3506 80.
1340 3441 1398 3505 ha-

227 3545 447 3626 mato-ense]
473 3547 556 3623 ὦσας
577 3548 594 3611 ὁ
609 3546 746 3632 Περσεὺς
769 3551 805 3613 τὸ
822 3548 907 3633 ξίφος
923 3547 1087 3632 ἐζήτησεν.
1128 3548 1180 3613 85.
1197 3548 1396 3634 Σεμιραμίου.

227 3654 279 3717 86.
304 3656 360 3718 καί
383 3652 610 3739 Σπερχειάδην.
659 3657 710 3719 87.
738 3652 881 3740 Ἑλίκην.
920 3655 1053 3720 Κλυτάν.
1102 3657 1153 3721 89.
1178 3655 1195 3718 ὁ
1219 3657 1253 3721 δὲ
1277 3655 1398 3738 Φινεὺς,

226 3796 439 3806 n*—

316 3879 360 3938 85)
380 3875 421 3931 of.
441 3876 453 3930 1
473 3880 524 3931 717
543 3878 660 3945 πλήττει,
684 3877 736 3931 117
755 3879 807 3933 769
826 3879 942 3946 πλήττει.
981 3877 1157 3948 Saepissime
1179 3893 1232 3948 pro
1256 3877 1399 3945 „vulnue“

228 3965 323 4020 exstat
345 3967 434 4032 πληγὴ
455 3965 490 4021 el.
512 3966 645 4032 711595,
667 3966 736 4021 7111
756 3969 817 4036 346,
836 3967 874 4022 71
894 3968 1011 4037 29817
1033 3971 1092 4038 120,
1110 3967 1136 4024 ΙΙ
1159 3970 1216 4036 199,
1244 3967 1398 4023 verberare

227 4055 429 4110 tantummodo
448 4055 582 4111 hocloco
601 4056 758 4111 invenitur.

316 4145 362 4209 86)
382 4145 443 4200 Hoc
455 4145 519 4201 loco
533 4145 679 4202 Planudes
693 4145 925 4216 dittographiam
939 4147 1071 4218 Cepheus
1085 4149 1117 4212 -1-
1130 4147 1238 4203 Persen
1251 4145 1399 4201 invenisse

228 4231 345 4287 videtur
364 4235 393 4289 et
411 4236 566 4304 utramque
585 4250 687 4292 vocem
706 4236 802 4291 vertit.

317 4323 362 4388 87)
383 4322 423 4377 Cf.
443 4323 552 4380 11Ι378
572 4323 751 4394 exspectare]
771 4326 940 4393 ἐκδέχεσθαι,
965 4325 1016 4380 711
1036 4328 1088 4382 818
1107 4323 1325 4396 exspectabam]
1344 4327 1398 4388 εξε·
1471 4391 1473 4394 ,

228 4413 351 4480 δεχὸμην,
371 4410 409 4466 lii
433 4415 480 4467 136
500 4414 708 4483 exspectanda]
729 4416 889 4481 ἐκδέχεσθαι
907 4417 1000 4482 χρεών.
