3410 5104
819 488 996 582 -ssss-

409 699 517 765 Ovidii
532 692 807 786 Metamorphoses
831 702 957 766 duabus
980 701 1116 766 diversis
1138 700 1232 766 sicuti
1255 699 1385 765 familiis
1408 701 1490 765 iute-

320 830 450 892 grorum
472 809 618 874 codicum
638 809 818 888 traduntur,
837 829 974 893 quarum
994 829 1060 872 una
1079 809 1177 873 libros
1198 808 1229 872 M
1246 815 1278 874 et
1300 807 1340 890 N,
1365 808 1491 873 codices

318 917 513 980 recentiores
538 914 566 998 [ς
581 917 633 980 vel
657 937 768 980 omnes
784 917 835 980 vel
855 922 984 1001 praeter
999 917 1189 980 nominatim
1205 912 1365 1001 laudatos]
1391 917 1491 980 altera

318 1023 529 1108 amplectitur.
577 1021 677 1088 Oodd.
702 1029 810 1087 autem
842 1021 876 1086 M
899 1029 931 1086 ct
952 1022 983 1087 N
1005 1024 1045 1088 ab
1078 1023 1191 1087 eodem
1223 1023 1400 1108 exemplari
1432 1020 1490 1104 (Ο)

316 1130 468 1215 pendent,
494 1130 579 1215 quod
602 1136 637 1193 ut
659 1130 821 1194 interdum
848 1136 1015 1216 corruptas
1043 1131 1228 1215 scripturas,
1251 1131 1297 1194 ita
1323 1131 1492 1216 permultis

317 1237 395 1301 locis
419 1238 523 1301 solum
546 1238 645 1302 verba
667 1238 735 1301 sine
759 1237 856 1302 dubio
873 1237 1034 1301 Ovidiana
1048 1238 1181 1318 rettulit,
1204 1259 1287 1318 cum,
1305 1238 1361 1322 qui
1377 1237 1491 1302 eadem

319 1365 383 1428 qua
413 1345 481 1409 cod.
507 1344 535 1408 Ο
559 1345 610 1424 sit,
634 1344 824 1409 auctoritate
856 1344 939 1408 liber
967 1345 1052 1409 inter
1083 1345 1174 1409 codd.
1201 1368 1225 1425 ς,
1248 1367 1386 1430 quorum
1410 1367 1490 1410 non-

319 1451 401 1515 nulli
423 1451 585 1515 interdum
601 1451 719 1516 mirum
735 1453 769 1516 in
792 1451 923 1516 modum
948 1451 1102 1516 adversus
1126 1473 1317 1517 consensum
1342 1451 1433 1516 codd.
1458 1451 1491 1515 Μ

319 1564 351 1622 et
373 1557 403 1621 N
426 1559 525 1623 verba
548 1559 690 1643 genuina
713 1558 872 1631 exhibent,
897 1558 988 1623 desit.
1020 1553 1102 1643 [cod.
1127 1556 1248 1641 X].2⁶⁸)
1305 1559 1419 1643 Itaque
1443 1559 1490 1622 in-

317 1667 499 1750 vestiganti,
525 1673 645 1751 quanta
673 1668 862 1730 auctoritate
890 1667 1056 1751 exemplar
1082 1666 1285 1731 Planudeum
1312 1667 1363 1747 sit,
1392 1687 1488 1751 quam

318 1774 477 1838 rationem
501 1775 542 1838 ad
566 1775 681 1839 ood.O
705 1775 833 1854 habeat,
857 1775 1078 1860 indagandum
1102 1781 1164 1858 est3
1188 1775 1215 1838 si
1239 1785 1346 1840 autem
1368 1774 1437 1839 cod.
1462 1771 1489 1837 P

318 2060 392 2114 vitia
406 2059 550 2128 quaedam
565 2059 743 2114 deteriorum
757 2060 786 2114 et
801 2058 956 2113 Bemensis
971 2058 1137 2113 communia
1151 2073 1216 2113 esse
1231 2058 1300 2113 clim
1315 2057 1387 2124 dixi,
1396 2056 1489 2111 veluti

317 2145 1488 2215 vulti—93omissosesseinBern.Harl.sl¹N¹(ubiMdeest);aliainterde-

317 2237 439 2293 teriores
449 2240 479 2293 et
489 2237 551 2292 MN
562 2238 728 2293 communia
737 2237 860 2306 Magnus
874 2237 1012 2304 enotavit,
1023 2237 1105 2293 velut
1114 2254 1162 2294 vv.
1172 2238 1185 2292 Ι
1195 2239 1247 2292 477
1258 2240 1287 2292 et
1297 2239 1349 2292 698
1362 2237 1392 2291 iu
1403 2237 1416 2300 β
1426 2233 1487 2290 ΜΝ

316 2327 440 2382 omissos
460 2341 532 2382 esse.
568 2326 651 2382 Adde
666 2327 677 2381 Ι
692 2326 769 2382 4261]
783 2328 813 2382 et
824 2329 904 2381 427a
921 2341 977 2381 om.
990 2326 1020 2381 in
1039 2344 1053 2377 ε
1066 2328 1090 2382 Η
1104 2325 1142 2381 N¹
1155 2327 1196 2394 (m
1209 2326 1310 2394 deest),
1328 2326 1380 2382 ubi
1393 2327 1488 2383 scriba

317 2415 530 2485 a„quaedam“
554 2416 650 2485 priore
672 2416 820 2471 aberravit
841 2415 879 2471 ad
894 2415 1072 2485 „quaedam“
1095 2415 1191 2471 lineae
1214 2416 1373 2485 sequentis.
1411 2416 1488 2472 Haec

316 2506 390 2562 vitia
407 2521 476 2561 num
495 2505 538 2560 sic
558 2511 623 2562 orta
644 2520 707 2560 esse
724 2507 819 2574 putee,
837 2507 870 2560 ut
888 2505 1023 2560 codicum
1036 2505 1115 2561 Harl.
1134 2505 1178 2556 ελ
1196 2505 1309 2561 scribae
1330 2505 1488 2575 exemplari

317 2593 338 2650 0
351 2595 483 2664 inspecto
497 2594 629 2664 singulos
640 2609 743 2649 versus
754 2593 797 2649 ibi
810 2594 933 2649 omissos
947 2609 983 2650 ex
996 2594 1058 2650 suis
1071 2609 1187 2664 quoque
1200 2593 1284 2650 libris
1294 2592 1487 2650 secludendos

317 2698 381 2738 esse
394 2685 563 2738 censerent?
601 2683 649 2739 Sic
662 2683 825 2739 similitudo
839 2683 979 2753 explicari
996 2683 1078 2739 nullo
1092 2683 1178 2738 modo
1191 2685 1297 2752 potest.
1331 2683 1422 2739 lmmo
1442 2700 1487 2739 co-

316 2771 397 2828 dices
409 2773 523 2828 lacunis
543 2772 773 2842 corruptelisque
785 2772 896 2828 foedati
915 2773 985 2827 olim
998 2772 1084 2828 multi
1103 2771 1392 2840 circumferebantur,
1412 2773 1487 2828 alius

316 2861 374 2917 alio
387 2861 491 2917 melior
505 2863 568 2917 erat
582 2861 653 2917 alibi
664 2861 712 2916 vel
724 2861 865 2928 deterior;
877 2861 952 2916 alius
968 2877 1004 2916 ex
1017 2861 1075 2916 alio
1089 2860 1297 2929 corrigebatur,
1308 2861 1397 2916 ceteri
1408 2877 1443 2916 ex
1457 2861 1487 2929 0,

316 2951 387 3006 Oex
401 2952 514 3006 ceteris.
551 2952 646 3021 ipsam
665 2951 809 3006 rationem
831 2951 1002 3020 ignoramus
1021 2953 1050 3006 et
1069 2965 1184 3020 semper
1202 2949 1411 3019 ignorabimus
1430 2950 1487 3005 nisi

315 3040 390 3096 forte
411 3040 496 3096 multi
515 3041 631 3096 codices
648 3041 733 3109 eique
747 3041 820 3096 satis
832 3041 942 3095 vetusti
961 3040 992 3095 in
1010 3040 1107 3095 lucem
1119 3039 1261 3110 protracti
1280 3041 1373 3094 erunt.
1405 3038 1488 3094 Nunc

316 3129 368 3185 ubi
396 3145 431 3184 ex
459 3129 573 3185 Heinsii
601 3130 680 3186 notis
695 3128 836 3200 ‘quinque
865 3129 1034 3185 deteriores’
1065 3131 1212 3196 notantur,
1240 3128 1276 3184 de
1305 3129 1485 3198 singulorum

314 3219 428 3275 ratione
447 3221 477 3274 et
495 3219 639 3274 affinitate
658 3219 735 3274 nihil
748 3221 888 3274 constat«

406 3309 506 3365 »Unus
525 3308 640 3365 accedit
658 3311 807 3378 tamquam
827 3323 921 3364 novus
945 3309 1038 3376 testis
1062 3306 1225 3363 Planudem
1244 3307 1319 3363 dico.
1357 3307 1432 3374 Quid
1451 3309 1487 3364 de

314 3398 367 3454 illo
385 3398 600 3454 iudicabimus?
632 3397 712 3453 Vitia
730 3397 817 3454 modo
837 3397 947 3454 codicis
961 3397 988 3452 M
1006 3396 1092 3452 modo
1110 3396 1229 3466 gemelli
1245 3397 1345 3452 fratris
1358 3398 1486 3468 praebet,

315 3503 390 3558 quae
410 3487 478 3543 olim
503 3487 534 3542 in
563 3487 584 3542 Ο
604 3487 751 3543 exstitisse
770 3487 833 3543 veri
852 3502 911 3543 non
931 3489 975 3542 est
994 3487 1099 3542 simile.
1139 3487 1293 3542 Praeterea
1314 3487 1345 3542 in
1369 3501 1485 3557 corrup-

314 3576 383 3633 telis
402 3591 469 3632 cum
487 3578 505 3627 λ
524 3577 659 3645 congruit
676 3591 772 3646 neque
791 3576 966 3632 affinitatem
992 3591 1059 3631 eum
1083 3576 1228 3646 excerptis
1255 3575 1485 3632 intercedentem

314 3666 426 3722 abnuit.
463 3665 563 3735 Neque
581 3666 674 3735 igitur
705 3665 768 3733 tibi,
798 3665 920 3721 Henrice
948 3662 1061 3733 Miller,
1092 3665 1230 3720 assentiri
1264 3666 1404 3734 poteram,
1436 3665 1486 3735 qui

315 3755 464 3826 exemplar
476 3754 657 3811 Planudeum
671 3755 709 3810 ad
722 3755 865 3811 familiam
879 3754 989 3811 codicis
1002 3753 1025 3810 0
1036 3755 1135 3824 (quam
1149 3769 1202 3824 ego
1215 3755 1328 3824 ignoro)
1340 3755 1486 3824 pertinere

315 3845 386 3902 olim
400 3845 606 3912 contendebas
619 3860 714 3915 neque
723 3860 803 3901 nunc
812 3859 941 3914 possum,
952 3845 977 3900 si
987 3859 1046 3900 non
1059 3860 1094 3900 ex
1105 3843 1126 3900 0
1141 3844 1193 3900 sed
1203 3860 1219 3899 e
1229 3843 1253 3899 x
1262 3843 1338 3900 illud
1351 3858 1485 3899 manasse

314 3948 474 3990 asseveras.
510 3935 602 3990 Immo
621 3934 764 3990 habemus
784 3933 932 4004 exemplar
951 3933 1054 3990 eodem
1073 3935 1160 3990 modo
1178 3933 1329 3989 foedatum
1348 3936 1377 3989 et
1395 3933 1485 3989 inter-

313 4024 446 4094 polatum
465 4040 522 4094 quo
541 4023 569 4079 M
581 4023 607 4079 N
620 4040 633 4074 s
645 4025 671 4092 λ,
689 4023 779 4093 idque
798 4023 871 4080 alibi
889 4023 1024 4093 plurimis
1043 4023 1149 4079 melius
1174 4022 1246 4078 alibi
1265 4023 1369 4078 ceteris
1389 4022 1485 4077 simile

313 4113 362 4168 vel
380 4127 441 4182 par,
465 4113 537 4170 alibi
554 4113 684 4169 deterius
703 4128 766 4168 esse
786 4113 985 4169 observamus.
1023 4113 1084 4168 Hoc
1102 4112 1194 4181 igitur
1212 4111 1287 4166 libro
1306 4111 1336 4166 in
1356 4110 1485 4166 medium

313 4202 482 4259 introducto
500 4219 559 4260 nou
572 4201 671 4272 Magni
688 4189 822 4258 firmatur
834 4203 909 4258 ratio
928 4220 946 4258 a
964 4204 993 4258 te
1006 4204 1132 4272 recepta,
1152 4200 1204 4256 sed
1217 4215 1290 4267 mea,
1304 4214 1363 4270 qua
1376 4203 1483 4256 certam

314 4290 447 4348 codicum
466 4292 641 4349 affinitatem
655 4291 752 4347 adhuc
769 4292 897 4348 inveniri
910 4307 995 4367 posse
1008 4291 1115 4360 negavi
1134 4295 1163 4346 et
1181 4304 1284 4359 nego«

402 4382 466 4447 268)
486 4381 527 4438 Cf.
547 4381 581 4438 ll.
600 4380 722 4451 Magnus
741 4380 760 4437 l.
781 4397 803 4437 c.
824 4397 851 4452 p.
871 4383 931 4437 207.
