3410 5104
811 467 1030 552 ..io-

334 687 413 785 αύτη
437 703 490 766 τὸν
514 701 607 766 αύτδν
629 711 684 785 τῆς
706 700 828 786 πληγῆς
851 699 929 786 ἦχον
953 697 1212 778 ἀντανεδίδου.65)
1259 701 1333 766 506.
1357 702 1412 766 καί
1433 694 1506 779 τούς

333 809 514 892 πλοκάμους
539 808 696 874 ἀνέθεσαν
719 808 860 895 κείρασαι
882 817 926 894 τῷ
950 806 1151 893 συγγύνῳ.66)
1192 809 1267 872 524.
1291 811 1345 874 καί
1367 811 1428 892 γάρ
1451 804 1505 873 οὖν

334 916 518 1001 ἐπιδημήσει
529 953 566 978 =
578 924 609 979 et
625 917 742 980 veniet.
773 917 847 980 526.
865 925 994 981 τοιαῦτα
1007 913 1214 1001 φθεγγομένῳ
1227 915 1348 1003 χαίρειν
1364 917 1471 1000 έλεγεν
1487 915 1504 980 ὁ

332 1019 474 1109 Ἐχίονος
493 1033 573 1101 παῖς.
623 1024 696 1088 532.
718 1019 868 1104 attonuit]
890 1023 1104 1108 ἀνεπτέρωσεν
1123 1023 1304 1088 :attollit
1353 1022 1426 1088 539.
1444 1023 1503 1087 hao

332 1129 452 1216 Tyron]
487 1131 525 1195 ἐκ
559 1131 671 1216 Τύρου.
721 1131 797 1194 sede
836 1152 898 1194 om.
947 1131 1021 1195 543.
1056 1152 1171 1216 precor
1205 1152 1267 1196 om.
1315 1131 1391 1196 545.
1426 1130 1503 1214 ὑπέρ

332 1238 463 1324 θάμνων
486 1241 541 1302 καί
563 1249 675 1322 πηγῆς.
716 1240 790 1302 567.
815 1236 1312 1323 remoraminaque-—uooebant]
1336 1239 1391 1302 καί
1414 1239 1504 1302 attat

332 1343 370 1430 δὴ
403 1347 436 1410 έν
467 1346 587 1420 τούτοις
619 1347 650 1410 αἱ
678 1345 840 1410 νουθεσίαι
873 1345 1044 1430 βλάπτουσι
1075 1344 1255 1431 μᾶλλονίί)
1303 1347 1378 1410 576.
1403 1365 1503 1429 quen-

332 1453 408 1517 dam
431 1452 599 1538 Tyrrhena
623 1451 728 1536 gente]
754 1451 919 1538 Τυρβηνὸν
942 1453 1042 1518 πάλαι
1057 1455 1093 1518 τὸ
1109 1453 1206 1538 γένος.
1247 1455 1321 1518 582.
1339 1448 1503 1536 Ἀνέστης.

333 1562 406 1626 594.
431 1559 623 1646 ὀμβροφόρον
651 1561 766 1646 ἀστέρα
790 1599 823 1618 =
847 1561 998 1645 pluviale.
1048 1563 1121 1626 597.
1146 1571 1209 1638 τοῖς
1231 1561 1324 1646 ὁρίοις
1346 1571 1402 1646 τῆς
1424 1557 1504 1635 Χίας

330 1675 398 1753 γῆς.
435 1671 510 1733 617.
526 1667 720 1745 Μελανθεὺς.
758 1669 833 1732 619.
850 1663 999 1746 Ἐνιπεύς.
1038 1670 1112 1732 621.
1136 1689 1227 1732 saoro
1249 1689 1311 1732 om.
1349 1667 1423 1732 633.
1441 1667 1503 1730 huo

330 1771 477 1862 perveni]
502 1778 566 1840 νυνί
588 1775 712 1858 γέγονα.
761 1777 834 1838 641.
859 1776 888 1839 τί
920 1777 1003 1861 δρᾷς,
1036 1777 1167 1860 ἀνύητες
1199 1773 1245 1852 τίς
1276 1797 1322 1852 σε,
1356 1770 1501 1850 Ἀκέστα,

331 1885 417 1967 φασί,
451 1883 601 1966 ταράσσει
634 1883 742 1967 μανία;
779 1884 853 1948 643.
888 1883 978 1948 ἄλλοι
1001 1879 1038 1964 δ’,
1062 1883 1137 1969 ὅπερ
1169 1882 1350 1968 ἠβούλοντο,
1380 1881 1503 1968 ψιθυρί-

331 1991 421 2068 ζουσι
443 1992 519 2075 πρὸς
542 2001 580 2074 τῇ
604 1993 695 2076 ἀκοῇ.
743 1991 817 2054 644.
843 1993 947 2076 ἕτερος
962 1990 1084 2076 λαβέτω
1100 1993 1171 2066 τοὺς
1194 1991 1314 2066 οίακας.
1355 1991 1428 2053 672.
1449 1990 1503 2053 καί

330 2105 454 2180 πρῶτος
476 2098 494 2161 ὁ
516 2097 627 2164 Μέδων
654 2098 768 2184 ἤρξατο
796 2100 832 2162 τύ
855 2107 947 2182 σῶμα
971 2097 1176 2182 μελαίνεσθαι
1198 2099 1253 2161 καί
1276 2107 1333 2182 τῆς
1357 2097 1503 2180 ἀκάνθης

331 2205 538 2290 κυρτουμένης
565 2206 779 2290 κάμπτεσθαι.
828 2205 902 2268 678.
931 2201 1057 2289 pinnas]
1086 2204 1252 2288 πτέρυγας.
1302 2205 1364 2269 687
1390 2225 1437 2289 sq.
1465 2204 1503 2268 ἐκ

330 2307 359 2376 δ’
374 2314 489 2377 είκοσιν
513 2313 636 2396 ἀνδρῶν
662 2311 825 2395 [τοσούσδε
848 2314 902 2375 καί
924 2314 987 2396 γὰρ
1010 2313 1032 2396 ἡ
1054 2321 1128 2388 ναύς
1152 2308 1256 2397 ἔφερε]
1283 2312 1376 2396 μύνος
1398 2311 1502 2376 ὑπελι-

330 2421 434 2505 πόμην
458 2422 559 2502 αὐτὸς,
582 2421 722 2504 περιδεὴς
745 2421 798 2484 καί
818 2421 967 2504 πεπηγὼς
990 2421 1043 2483 καί
1066 2419 1186 2505 τρέμων
1206 2421 1242 2484 τὸ
1265 2428 1366 2502 σῶμα.
1404 2417 1503 2492 Μόλις

330 2527 366 2592 δέ
394 2550 433 2612 με
460 2527 548 2604 δέους
575 2529 592 2592 δ
620 2527 696 2603 θεὸς
724 2526 927 2592 ἀπαλλάττει.
976 2527 1049 2591 690.
1078 2537 1133 2612 τῆς
1160 2548 1195 2591 τε
1221 2525 1302 2603 Χίας
1335 2527 1411 2612 ἔχου
1433 2536 1500 2611 γῆς.

331 2635 405 2700 693.
431 2631 610 2716 absumere]
646 2633 791 2713 συλλέξαι
818 2671 855 2694 =
876 2634 1055 2698 adsumere.
1104 2636 1178 2700 694.
1211 2634 1290 2698 diris
1321 2630 1499 2715 tormentis]

330 2743 441 2818 δειναῖς
464 2740 607 2826 βασάνοις
629 2778 665 2802 =
688 2739 826 2822 diris.⁶⁸)
865 2742 938 2806 696.
964 2739 1112 2824 Acoetes]
1137 2738 1299 2828 Ἀκέστης.
1344 2742 1418 2805 700.
1444 2761 1502 2805 sua

330 2857 443 2934 sponte
476 2870 538 2913 om.
596 2850 670 2913 702.
705 2847 792 2934 οίπερ
824 2858 887 2914 τῶν
920 2849 1054 2914 τελετῶν
1091 2851 1258 2935 γινομένων
1290 2850 1307 2914 ὁ
1339 2847 1501 2933 θιασύδης

329 2955 501 3041 Κιθαιρών.
543 2955 616 3019 713.
642 2955 746 3041 μήτηρ
770 2959 824 3021 καί
847 2953 887 3020 ‘dr
911 2958 1018 3022 δισσαί
1040 2957 1109 3022 κτλ.
1155 2959 1229 3021 728.
1252 2967 1344 3022 τοῦτο
1359 2959 1395 3021 τὸ
1411 2957 1501 3042 ἔργον

329 3063 404 3149 έμύν
428 3065 509 3129 ἐστιν
533 3065 772 3150 ἀνδραγάθημα.

418 3304 465 3370 65)
484 3303 707 3360 Emendandum
726 3307 770 3360 est
789 3307 971 3369 ἀνταπεδίδου,
992 3320 1049 3374 quo
1073 3303 1161 3360 verbo
1184 3303 1328 3374 interpres
1343 3301 1498 3371 „reddere“

329 3395 443 3450 vertere
463 3393 537 3448 solet
555 3392 590 3448 ol.
612 3392 727 3462 111466,
747 3393 790 3448 III
808 3397 869 3450 361.

418 3486 463 3548 66)
481 3481 556 3550 Quid
579 3482 734 3550 invenerit,
758 3483 866 3550 neseio,
893 3483 962 3552 quia
981 3483 1129 3552 imponere
1155 3484 1184 3536 et
1206 3495 1314 3551 ponere
1333 3480 1500 3536 discernere

328 3589 386 3630 non
410 3573 492 3638 solet,
513 3572 548 3628 of.
572 3587 609 3627 ne
632 3571 766 3642 pluribus
790 3571 931 3641 exemplis
954 3573 1029 3639 utar,
1049 3571 1114 3627 VIII
1134 3573 1186 3626 723
1209 3574 1257 3622 και
1275 3571 1354 3633 αὐτος
1376 3568 1501 3632 ἐπιτιθείς

328 3661 400 3715 εἶπον
420 3664 449 3718 et
466 3660 534 3717 XIII
553 3663 606 3717 583
624 3662 810 3724 ἐπιτιθέμενον.

417 3751 463 3818 67)
483 3750 558 3818 Quid
581 3751 694 3820 legerit,
719 3750 830 3816 nesei0;
855 3748 1055 3804 moderamina
1080 3763 1136 3804 non
1156 3748 1279 3814 Invenit,
1299 3748 1334 3803 of.
1355 3747 1381 3803 II
1399 3752 1434 3804 48
1452 3749 1500 3815 τὴν

327 3846 378 3894 τῶν
396 3843 598 3907 πτερυγοπδδων
610 3843 693 3891 ἳππων
705 3841 823 3900 ἐξουσίαν
836 3855 865 3888 τε
883 3841 930 3889 καί
948 3839 1088 3904 ἡνιοχείαν,
1108 3840 1141 3892 67
1160 3839 1336 3904 κυβερνήσεως
1355 3839 1499 3903 ἀσφαλοῦς,

327 3930 366 3986 ΙΙΙ
386 3935 438 3987 644
456 3933 556 3995 λαβέτω
575 3933 677 3994 οῐακας,
700 3929 737 3984 71
757 3931 807 3985 677
827 3930 873 3994 τὴν
892 3933 941 3979 τῶν
959 3931 1118 3994 πραγμάτων
1136 3930 1285 3994 ἡγεμονίαν.

417 4021 462 4087 68)
482 4020 523 4075 ef.
542 4018 582 4074 IX
602 4021 653 4074 180
671 4022 766 4082 δειναῖς
785 4020 914 4083 βασάνοις,
938 4017 964 4072 II
984 4021 1035 4073 589
1054 4020 1082 4068 έν
1101 4021 1176 4084 δεινῷ
1195 4019 1369 4085 ἁμαρτήματι,
1387 4017 1428 4073 III
1447 4019 1498 4073 625

327 4110 390 4175 ὑπὲρ
409 4113 493 4162 δεινοῦ
511 4112 601 4178 φόνου,
621 4109 660 4164 71
681 4110 733 4164 663
751 4111 798 4175 τὴν
824 4110 909 4175 δεινὴν
937 4109 1041 4160 ἐκεῖθεν
1069 4109 1175 4173 τροφήν,
1196 4106 1305 4162 71210
1332 4113 1387 4169 τοῖς
1406 4110 1498 4171 δεινοῖς

327 4200 421 4266 ἰργοις,
441 4199 478 4255 71
498 4201 549 4255 533
568 4195 589 4250 ὦ
607 4203 658 4250 τῶν
676 4202 764 4251 δεινῶν
782 4200 874 4265 ἔργων,
895 4197 957 4254 VIII
975 4199 1027 4252 479
1047 4200 1117 4263 δεινῇ
1135 4187 1211 4262 χειρί,
1231 4195 1257 4250 II
1277 4195 1324 4250 651
1347 4201 1395 4262 τῆς
1414 4200 1499 4263 δεινῆς

326 4290 437 4355 έχίδνης,
451 4303 518 4344 eum
531 4289 622 4344 durus
640 4289 670 4344 in
688 4289 802 4354 σκληρός
816 4288 827 4342 I
843 4291 902 4356 127,
915 4287 967 4342 XII
982 4289 1043 4356 300,
1055 4285 1123 4341 XIII
1137 4287 1197 4353 329,
1211 4288 1271 4352 799,
1284 4283 1349 4340 XIV
1363 4289 1424 4354 704,
1437 4289 1497 4353 709,

328 4380 389 4446 712,
408 4379 437 4430 in
457 4380 581 4444 ἀκαμπής
600 4377 668 4432 XIV
686 4379 746 4444 587,
764 4379 824 4444 693,
844 4378 873 4430 in
894 4378 1028 4441 ἀπότομος
1046 4375 1111 4431 XIII
1131 4378 1188 4442 184,
1206 4373 1270 4428 XIV
1287 4377 1339 4429 376
1358 4376 1497 4430 vertatur.
