3410 5104
808 458 978 518 ..5ηκ

306 670 380 734 478.
405 666 568 754 relinquit]
598 668 739 734 ἀπέλιπε.
788 669 861 732 489.
892 671 947 734 καί
978 668 1092 753 μεταξύ
1119 677 1174 732 τοῦ
1196 690 1230 733 τε
1254 668 1395 734 θανάτου
1422 669 1474 732 καί

305 777 410 862 φόβου.
467 777 541 841 495.
575 775 818 864 aspertum)
875 778 950 841 497.
975 776 996 860 η
1022 772 1048 840 δ’
1071 779 1129 840 ούκ
1175 776 1318 862 ἠνείχετο
1353 777 1471 840 θανεῖν.

307 885 383 947 501.
407 885 473 948 ἔστι
496 885 530 949 δὲ
548 888 619 969 τιμὴ
643 887 781 961 καὶτοῖς
805 886 951 970 δάκρυσι.
1000 885 1074 948 510.
1093 884 1177 947 mitis
1202 905 1263 947 orn.
1313 885 1386 948 517.
1403 883 1474 946 tulis

305 988 386 1073 erat]
411 1001 545 1068 τοιοῦτος
579 991 633 1055 καί
663 993 679 1056 δ
707 1003 780 1068 παῖς
814 990 852 1077 ἦν
875 989 1016 1069 Ἀδωνις.
1065 991 1139 1054 531.
1163 992 1265 1076 ητὴν
1300 991 1473 1076 πολύιχθυν

305 1098 427 1164 Κνίδον.
475 1097 549 1163 536.
575 1099 664 1185 μέχρι
693 1101 845 1183 γονάτων.
894 1101 957 1164 539
986 1121 1070 1184 sqq.:
1101 1099 1253 1184 ἀπέχεται
1283 1099 1384 1185 μέντοι
1413 1107 1474 1162 τῶν

306 1208 442 1292 ἰσχυρῶν
466 1209 601 1291 κάπρων
624 1210 678 1272 καί
701 1217 763 1272 τῶν
788 1209 939 1292 άρπάγων
963 1207 1069 1272 λύκων
1098 1210 1153 1270 καί
1180 1217 1241 1272 τῶν
1270 1207 1473 1290 ὡπλισμένων

304 1323 367 1390 τοῖς
391 1311 490 1390 ὄνυξιν
515 1318 654 1400 ἀρκτων·
689 1315 878 1399 φυλάττεται
913 1315 946 1378 δὲ
981 1317 1037 1378 καί
1071 1318 1142 1390 τοὺς
1170 1313 1288 1398 ἀγέλης
1311 1315 1397 1400 φόνῳ
1420 1336 1474 1378 κο-

307 1421 506 1506 ρεννυμένους
527 1421 654 1498 λέοντας
677 1425 732 1486 καὶ
758 1425 806 1486 σοί
831 1423 875 1494 δὲ,
900 1419 1032 1499 Ἀδωνις
1056 1421 1099 1502 (εἴ
1120 1423 1148 1486 τί
1173 1445 1209 1486 σε
1232 1423 1355 1487 ἀνύσειν
1379 1423 1428 1486 οία
1443 1421 1476 1485 τέ

307 1529 372 1592 ἐστι
410 1529 632 1614 παραινοῦσα),
672 1530 713 1606 ὡς
751 1532 787 1595 ἀν
826 1530 934 1614 φοβοῖο
973 1541 1127 1614 παραινεῖ.
1175 1527 1237 1592 Καί
1275 1551 1368 1614 φησιν
1407 1529 1474 1593 κτλ.

307 1635 385 1699 551.
411 1642 503 1700 ναοῖο
519 1657 580 1699 om.
629 1635 739 1720 55314.
764 1646 809 1722 τῷ
833 1638 866 1700 δέ
888 1637 933 1713 τίς
956 1639 977 1723 ἡ
999 1637 1081 1700 αἰτία
1103 1645 1158 1701 τοῦ
1182 1637 1290 1722 μίσους
1312 1637 1475 1720 ἐρωτῶντι,

304 1736 433 1828 Λέγοιμ’
466 1745 513 1822 ἂν,
538 1747 622 1808 είπε’
647 1747 702 1808 καὶ
726 1747 837 1829 τὸτῆς
861 1745 999 1820 παλαιοῖς
1035 1745 1189 1830 ἁμαρτίας
1213 1745 1332 1828 φράσαι
1369 1766 1418 1828 μοι
1441 1746 1476 1807 τό

307 1851 483 1934 θαυμάσιον
500 1847 600 1935 τέρας.
643 1853 716 1914 556.
734 1859 839 1914 tecum
858 1873 918 1915 orn.
962 1853 1035 1915 557.
1053 1847 1397 1936 pressitque-ipsum]
1423 1853 1477 1914 καί

306 1958 364 2041 τὴν
387 1957 468 2021 πόαν
491 1957 606 2022 ἐπίεσε.
639 1961 712 2022 575.
730 1951 926 2044 Ἱππομένης.
959 1959 1033 2021 577.
1051 1959 1175 2022 dixerat
1198 1980 1260 2022 om.
1299 1959 1372 2022 581.
1390 1961 1477 2022 οὔπω

307 2060 345 2130 δι’
360 2067 454 2150 εὐχῆς
473 2063 518 2148 [=
543 2063 629 2147 vota]
653 2064 701 2151 ἦν,
728 2069 747 2129 ἀ
778 2088 814 2150 χε
846 2067 976 2150 ζητεῖτε,
1009 2069 1047 2130 τά
1071 2067 1169 2131 ἆθλα.
1218 2065 1282 2130 582
1311 2088 1394 2150 sqq.:
1423 2067 1477 2128 καί

308 2173 444 2237 ἐπαινῶν
470 2175 570 2258 ἔρωτα
594 2174 804 2259 συλλαμβάνει
828 2177 882 2238 καί
905 2177 958 2239 τόν
982 2175 1111 2239 Φθόνον
1136 2174 1284 2259 φοβεῖται.
1331 2169 1434 2236 Ἀλλά
1449 2172 1479 2236 τί

307 2279 345 2364 δη
373 2299 459 2362 ποτε,
489 2283 579 2366 φησὶ,
608 2282 699 2345 τοῦδε
734 2283 854 2366 ἀγῶνος
890 2281 957 2361 (καί
990 2285 1114 2367 εὔχεται
1149 2282 1269 2368 μηδένα
1304 2291 1365 2345 τῶν
1401 2279 1477 2344 νέων

308 2387 428 2452 θάττον
441 2388 561 2472 ἐκείνης
577 2387 727 2474 δραμεῖν),
746 2389 935 2474 ἀπείραστος
952 2385 1082 2474 ἔμοιγή
1100 2388 1179 2474 τύχη
1196 2389 1475 2473 καταλιμπάνεται.

308 2495 382 2558 588.
412 2491 522 2576 setius]
549 2495 682 2581 βράδιον.
731 2497 804 2564 590.
829 2494 1066 2576 et-deeorem]
1096 2499 1235 2582 καὶγὰρ
1264 2499 1317 2560 ούν
1346 2491 1477 2569 αύτδςό

308 2601 418 2688 δρόμος
441 2602 574 2666 ἐνεποίει
607 2604 666 2687 τὴν
695 2605 790 2688 χάριν
816 2603 945 2688 μᾶλλον.
994 2605 1066 2667 591.
1093 2606 1174 2687 αύρα
1212 2605 1266 2687 μὲν
1302 2605 1356 2666 ούν
1391 2600 1478 2684 φέρει

307 2713 362 2794 τὴν
396 2720 450 2793 τῆς
485 2711 621 2795 έσθητος
656 2712 720 2776 ὤαν
755 2722 818 2788 τοῖς
851 2720 987 2796 ταχινοῖς
1021 2710 1246 2796 τινασσομένην
1279 2718 1413 2795 σφυροῖς.
1424 2705 1477 2786 172)

308 2816 383 2882 593.
408 2817 492 2901 pieto
520 2818 618 2882 limbo
654 2840 717 2882 om.
766 2819 838 2882 596.
869 2819 889 2902 ἢ
920 2819 961 2894 ὡς
989 2820 1067 2902 ὑπὲρ
1094 2827 1216 2902 σκηνης
1243 2817 1357 2901 λευκῆς
1386 2815 1479 2901 βῆλος

308 2934 484 3011 πορφυροῦς
507 2925 616 3010 ὁμοίαν
640 2925 810 2990 ἀποδίδωσι
846 2928 902 2989 καῖ
939 2925 1165 3011 διαχρύννυσιν
1188 2925 1220 3003 ἐξ
1251 2924 1339 3010 ἡλίου
1377 2922 1477 2988 σκιάν.

311 3033 384 3097 605.
409 3035 465 3096 καί
488 3034 550 3117 γάρ
579 3055 628 3118 μοι
651 3034 757 3118 πατὴρ
781 3032 956 3118 Μακαρεύς,
983 3031 1091 3118 ἐκείνῳ
1117 3029 1145 3096 δ’
1160 3028 1330 3117 Ἀχέστιος,
1354 3031 1479 3106 πάππος

308 3140 342 3203 δὲ
365 3139 536 3204 Ποσειδῶν.
585 3141 658 3205 609.
684 3140 705 3224 η
730 3139 885 3225 Σχοινέως
909 3139 995 3225 κόρη.
1044 3142 1117 3202 611.
1142 3139 1188 3215 τίς
1204 3140 1281 3216 θεὸς
1304 3139 1411 3214 ἄδικος
1426 3139 1478 3200 τόν

308 3246 523 3313 εύειδέστατον
557 3258 666 3312 τοῦτον
701 3247 855 3312 ἀπολέσαι
890 3247 1096 3333 βεβούλευται.
1145 3251 1209 3311 614
1234 3269 1317 3331 sqq.:
1355 3248 1409 3310 καί
1443 3246 1479 3308 οὐ

309 3353 392 3439 λέγω
417 3355 458 3432 ὡς
495 3355 685 3439 ἁλισκομένη
721 3364 765 3440 τῷ
800 3355 910 3419 τούτου
945 3355 1075 3419 κάλλει·
1111 3355 1213 3418 καίτοι
1246 3375 1282 3438 γε
1318 3353 1479 3438 ἠδυνάμην

310 3461 518 3526 ἁλίσκεσθαι·
559 3459 630 3526 ἀλλ’
665 3465 711 3527 δτι
745 3485 780 3548 γε
815 3472 889 3538 παῖς
923 3463 1006 3527 ἐστίν
1039 3464 1093 3545 έτι,
1117 3458 1181 3534 οὐδ’
1205 3463 1305 3526 ὁτιοῦν
1330 3483 1367 3546 με
1390 3467 1480 3525 τοῦτο

308 3569 409 3652 κηλεῖ.
454 3570 492 3634 Τί
507 3567 534 3634 δ’
550 3573 587 3635 ἀν
604 3572 685 3634 εἴποι
700 3593 745 3647 τις
768 3573 823 3655 την
839 3569 980 3654 ηλικίαν;
995 3570 1024 3634 τί
1040 3563 1067 3634 δ’
1082 3572 1127 3635 ότι
1143 3569 1289 3655 πρόσεστι
1305 3568 1393 3654 ῥώμη
1410 3567 1478 3631 κτλ.

309 3675 384 3739 618.
410 3677 485 3761 quid
521 3678 606 3762 quod
642 3685 730 3742 amat
764 3699 826 3742 om.
874 3678 947 3741 619.
973 3677 1039 3742 fore
1068 3674 1162 3760 dura]
1191 3677 1320 3764 ηδεινὴ
1343 3675 1423 3761 τύχη
1446 3711 1482 3734 =

308 3775 452 3863 diram)
500 3786 573 3848 622.
600 3788 649 3849 σοί
669 3786 852 3870 γαμηθῆναι
875 3787 933 3850 ούκ
957 3787 1041 3851 έστιν
1061 3787 1128 3869 ἥτις
1149 3787 1208 3850 ούκ
1232 3786 1269 3850 ἀν
1290 3781 1480 3868 ἐθελήσειεν.

400 3926 461 3992 171)
494 3896 648 3982 invenitne
679 3927 899 3995 praecinxerat?
947 3925 988 3980 uf.
1020 3923 1083 3979 XIV
1109 3927 1161 3980 395
1180 3921 1390 3994 praecingitur]
1426 3927 1481 3976 οια-

309 4016 441 4078 ζιύννυται.
1282 4027 1283 4032 ’

401 4106 461 4171 172)
480 4103 580 4160 Refert
608 4105 756 4160 invenisse
787 4105 913 4160 videtur.
951 4103 1027 4172 Quid
1057 4105 1153 4159 antem
1188 4102 1251 4158 vult
1280 4102 1483 4169 τινασσομένηνῖ

309 4193 373 4249 Non
393 4194 517 4258 vibrata,
537 4193 573 4249 ef.
593 4209 660 4250 ann.
680 4197 712 4250 51
734 4196 763 4249 et
784 4195 841 4250 130.

402 4284 462 4350 173)
482 4283 523 4338 uf.
543 4299 609 4339 ann.
629 4287 663 4340 68
683 4286 711 4339 et
730 4283 861 4339 11111184
881 4283 970 4340 durae
990 4282 1092 4354 sortes]
1117 4286 1219 4352 κλῆρος
1239 4287 1380 4350 ἀπότομος.
1412 4283 1481 4338 Bur-

310 4387 434 4428 mannus
448 4373 611 4428 annotavit:
631 4373 695 4428 dira
715 4373 801 4428 etiarn
823 4374 934 4442 septem
948 4374 1058 4445 scripti.
1096 4373 1200 4430 Utrum
1220 4388 1282 4430 sors
1301 4388 1338 4429 an
1358 4373 1418 4428 fore
1438 4373 1481 4427 in-
