3410 5104
828 523 1036 587 ..p-2...

350 759 424 822 260.
448 759 502 822 καὶ
535 752 607 842 μηδ’
639 757 740 821 ὁτιοῦν
771 754 958 840 προσιεμένη
987 753 1270 840 παραμυθουμένας
1298 757 1353 831 τὰς
1376 753 1535 838 Νύμφας.

349 864 423 928 273.
449 859 521 928 ἀλλ’
544 866 614 949 ούχί
636 865 691 928 καί
714 861 844 949 Βάκχος
867 863 994 939 ἐκείνοις
1018 861 1249 947 συνεξητάζετο.
1301 863 1375 925 275.
1404 861 1537 924 stantis

350 993 411 1036 om.
459 973 533 1036 282.
564 971 681 1056 Κέλμε.
729 973 803 1037 283.
828 969 954 1034 Μίλακι.
1003 971 1080 1034 285.
1106 971 1191 1033 male
1220 992 1282 1034 om.
1330 964 1431 1053 308s9
1461 990 1535 1032 om.

349 1081 423 1146 310.
453 1082 474 1166 η
502 1081 535 1144 δὲ
567 1088 620 1144 νῦν
654 1079 708 1165 μὲν
741 1081 773 1143 ἐν
800 1089 837 1163 τη
866 1089 952 1163 πηγῇ
985 1081 1024 1142 τά
1051 1078 1135 1142 καλά
1172 1079 1283 1162 ἑαυτῆς
1312 1078 1400 1142 ἔλουε
1429 1075 1534 1162 μέλη.
1603 1135 1605 1142 .

349 1188 424 1251 311.
454 1187 659 1272 Κυθηριακῷ.
708 1185 782 1249 223.
812 1183 924 1266 frater]
956 1186 1065 1270 μήτηρ.
1114 1187 1188 1249 325.
1218 1183 1309 1250 ἐστίν.
1362 1184 1438 1248 330.
1474 1187 1535 1248 καί

348 1298 408 1381 γάρ
432 1297 545 1380 ἀγνοεῖ,
569 1295 598 1359 τί
620 1287 690 1358 ποτ’
712 1296 750 1359 ἂν
775 1295 852 1379 ἔρως
875 1295 931 1378 εἴη.
980 1295 1054 1358 340.
1079 1294 1133 1358 καί
1157 1294 1197 1359 τὰ
1219 1294 1339 1378 γόνατα
1363 1293 1536 1378 κάμψασα

349 1403 555 1467 συνεκάθισεν
636 1403 819 1485 flexumque
847 1423 932 1486 genu
961 1401 1116 1465 submisit.
1166 1402 1239 1464 341.
1265 1403 1281 1465 c
1310 1397 1338 1464 δ’
1366 1403 1415 1464 οία
1438 1411 1532 1475 παῖς,
1611 1472 1613 1475 v

350 1513 400 1573 οία
422 1519 538 1594 κοῦφος
572 1512 627 1572 καί
660 1509 849 1594 ἀφύλακτος,
875 1510 930 1573 θεῖ
959 1511 1049 1594 δεῦρο
1076 1521 1131 1594 τῆς
1153 1507 1241 1585 πόας.
1290 1506 1363 1572 346.
1390 1507 1533 1592 placuit]

349 1616 524 1701 ἀπηνεώθη
541 1654 575 1676 =
592 1618 722 1700 stupuit.
759 1617 833 1680 358.
850 1617 1093 1702 άπομαχύμενύν
1113 1639 1146 1680 τε
1167 1615 1294 1700 κατέχει
1317 1618 1373 1678 καὶ
1391 1619 1534 1692 ἄκοντος
1646 1660 1648 1664 -

350 1723 481 1808 ἁρπάζει
505 1724 672 1808 φιλήματα.
684 1722 722 1800 73)
759 1720 870 1807 37819.
893 1727 947 1788 καὶ
964 1723 1066 1788 οὐκέτι
1083 1725 1147 1799 δύο,
1166 1724 1259 1804 διπλῆ
1277 1723 1310 1786 δέ
1333 1746 1378 1800 τις
1401 1723 1534 1807 πέφυκε

351 1834 463 1917 μορφὴ,
493 1832 534 1908 ὡς
563 1831 642 1916 μήτε
669 1833 747 1916 κάρη
777 1832 853 1916 μήτε
884 1841 957 1907 παῖς
987 1832 1141 1895 δύνασθαι
1170 1830 1332 1915 λέγεσθαι,
1361 1828 1532 1914 οὐδέτερόν

350 1961 385 2003 τε
413 1939 516 2003 δοκεῖν
550 1941 603 2002 καί
637 1939 792 2024 ἑκάτερον.
845 1940 920 2004 384.
951 1937 976 1999 ὧ
1004 1939 1110 2024 πάτερ,
1136 1941 1212 2016 εἶπε,
1249 1941 1304 2001 καί
1333 1947 1440 2022 μῆτερ,
1471 1939 1532 2000 καί

351 2045 431 2110 θεοί.
488 2046 562 2110 387.
591 2053 662 2110 rata
697 2069 759 2110 om.
813 2046 886 2109 388.
916 2043 1051 2126 incesto]
1088 2046 1206 2130 ἀδήλῳ.
1258 2045 1333 2109 389.
1365 2041 1432 2126 sed]
1459 2043 1529 2108 καί.

350 2156 386 2218 τὸ
420 2153 549 2238 Μινίμσν
583 2155 680 2238 γένος.
740 2154 804 2217 390
840 2176 908 2238 sqq.
948 2156 1002 2217 καὶ
1042 2157 1096 2237 τὴν
1137 2155 1244 2239 ἑορτὴν
1284 2156 1370 2238 παρά
1403 2153 1531 2237 φαῦλον

351 2270 489 2325 ποιεῖται.
538 2262 609 2326 Τῶν
633 2263 667 2326 δὲ
689 2262 865 2347 τυμπάνων,
891 2263 912 2324 ά
937 2262 979 2347 μὴ
1004 2261 1130 2326 πώποτε
1153 2263 1277 2337 ταύταις
1300 2261 1410 2344 ἐφάνη,
1427 2257 1531 2344 βραγ-

351 2368 446 2454 χώδει
474 2369 721 2455 θορυβησάντων
753 2369 899 2454 ἐξαίφνης
927 2371 998 2454 ἤχῳ
1026 2371 1081 2432 καὶ
1111 2378 1168 2452 της
1196 2371 1258 2433 ἀπὸ
1285 2367 1415 2454 κέρατος
1442 2389 1530 2452 καμ-

351 2474 452 2562 πύλης
475 2477 646 2562 σάλπιγγος
673 2479 725 2540 καί
753 2476 922 2562 κυμβάλων
950 2477 1080 2562 χαλκῶν
1107 2477 1294 2562 ἠχησάντων
1323 2478 1377 2539 καὶ
1406 2473 1529 2559 μύρτου

352 2583 405 2647 καί
439 2583 564 2668 κρόκων
599 2582 890 2660 καταπνευσάντων,
927 2595 1057 2668 πρᾶγμα
1091 2583 1223 2657 πίστεως
1257 2584 1372 2668 γίνεται
1408 2583 1528 2667 μεῖζον.

352 2691 427 2754 400.
462 2688 576 2776 possis]
613 2694 650 2755 ἂν
686 2691 748 2768 οίύς
782 2714 815 2756 τε
850 2691 1010 2776 proteu)
1069 2693 1143 2756 403.
1180 2689 1362 2774 conlucere]
1398 2691 1527 2775 λάμπει.

352 2800 427 2862 404.
451 2797 587 2881 ululare]
611 2801 755 2884 ὠρύεται.
803 2801 878 2863 407.
903 2821 1020 2884 parvos
1048 2821 1110 2864 cm.
1157 2801 1232 2864 408.
1261 2802 1314 2864 καί
1341 2801 1396 2875 τάς
1419 2809 1529 2884 χεῖρας

352 2907 459 2970 λεπτοί
495 2907 709 2992 συγκλείουσιν
744 2907 850 2990 ύμένες
882 2938 926 2955 2
957 2914 1134 2992 tenuesque
1172 2907 1339 2971 includunt
1374 2907 1528 2970 bracchia

352 3014 479 3098 pinnae.
517 3015 592 3078 412.
616 3015 811 3100 βραχυτάτην
832 3018 914 3079 κατὰ
934 3015 969 3080 τὸ
986 3025 1076 3100 σῶμα
1098 3018 1153 3080 καί
1175 3019 1231 3099 τὴν
1255 3015 1363 3098 φωνὴν
1387 3016 1525 3097 ἀφιᾶσιν.

353 3120 427 3184 425.
459 3120 642 3206 Μινηιάδας.
690 3124 764 3186 426.
798 3121 930 3206 inultos]
963 3123 1084 3199 πολλάς
1108 3153 1152 3171 --
1181 3123 1297 3185 multos
1326 3152 1370 3170 Ξ
1393 3120 1525 3184 inultos.

444 3425 489 3488 73)
509 3449 534 3468 =
558 3428 797 3496 pugnantemque
824 3428 905 3482 tenet
932 3427 1085 3496 iuv1taque
1109 3426 1209 3482 oscula
1233 3426 1334 3495 carpIt.
1373 3424 1524 3492 „LuctarI“

354 3515 432 3569 enim
454 3515 485 3570 in
503 3515 624 3566 παλαίειν
643 3516 677 3570 cl.
699 3516 736 3571 VI
756 3519 816 3585 694,
835 3519 896 3580 242,
919 3515 972 3572 XII
991 3519 1052 3585 331,
1073 3516 1125 3572 VH
1146 3519 1187 3584 10,
1205 3515 1271 3571 XIV
1291 3515 1401 3583 701,111
1421 3517 1524 3580 ἀπομά-

353 3605 450 3670 χεσθαι
467 3604 506 3659 VI
525 3608 585 3674 556,
604 3605 656 3660 XII
675 3609 736 3674 478,
755 3607 786 3660 in
805 3607 981 3672 διαμάχεσθαι
999 3605 1051 3660 XV
1070 3609 1122 3661 519
1141 3605 1237 3660 vertit.

444 3702 490 3769 74)
511 3703 614 3758 Utrum
637 3705 732 3774 possis
756 3719 794 3759 an
817 3719 917 3774 posses
935 3703 1081 3760 Planudes
1105 3703 1259 3770 iuvenerIt,
1284 3702 1446 3758 ditudr'care
1466 3717 1524 3757 non

354 3805 482 3860 possum,
502 3793 538 3848 cf.
558 3792 625 3848 XIII
645 3796 696 3848 247
717 3809 770 3849 nec
794 3794 871 3863 quod
896 3793 1062 3863 specularer
1084 3791 1240 3860 habebam]
1260 3795 1307 3844 καί
1325 3794 1376 3844 οὐκ
1394 3791 1465 3858 είχον
1485 3793 1526 3842 ὅτι

353 3883 418 3932 ποτε
435 3883 514 3933 πλέον
533 3885 564 3933 ᾶν
583 3885 778 3952 κατοπτεύοιμι,
797 3882 863 3939 XIII
876 3885 929 3940 382
942 3886 971 3939 et
991 3884 1063 3954 quid
1081 3882 1219 3938 facundia
1239 3883 1346 3952 posset,
1365 3898 1396 3937 re
1416 3878 1522 3950 patuit]

353 3973 400 4021 καί
417 3971 457 4021 ὅτι
475 3973 534 4022 ποτ’
551 3975 583 4023 ἂν
601 3975 618 4039 ἡ
637 3974 784 4038 εύγλωττία
802 3974 914 4038 δύναιτο,
933 3977 994 4024 τότε
1006 3975 1129 4038 διαφανὲς
1145 3975 1238 4038 γέγονε
1251 3975 1280 4027 et
1293 3973 1395 4026 contra
1406 3970 1458 4025 XII
1472 3973 1524 4026 384

354 4058 482 4130 adspIce,
502 4063 644 4129 quantum
663 4061 825 4118 concedant
847 4065 947 4118 nostro
970 4064 1021 4118 tua
1040 4076 1148 4117 cornua
1167 4058 1253 4130 ferro]
1274 4061 1394 4129 eparcus,
1413 4061 1475 4110 ὅσον
1494 4060 1525 4108 αν

354 4151 422 4200 είκοι
440 4153 474 4201 τά
493 4153 527 4201 σά
544 4153 611 4216 κέρα
629 4157 666 4217 τῷ
682 4153 800 4217 ἡμετέρῳ
819 4155 924 4218 σιδήρῳ,
946 4152 998 4206 XII
1017 4153 1069 4206 589
1089 4150 1166 4220 saxu,
1185 4150 1295 4220 tripnei
1314 4149 1385 4220 quid
1405 4147 1525 4218 cuspide

353 4239 473 4308 possim,
492 4239 611 4308 sentiat]
632 4244 656 4291 τί
674 4241 732 4292 ποτ’
755 4243 786 4292 ἂν
804 4247 837 4307 τῇ
855 4245 955 4307 τριαίνῃ
979 4245 1109 4310 δυναίμην,
1128 4238 1196 4296 XIII
1215 4237 1297 4309 52718
1314 4241 1455 4310 superest,
1475 4251 1525 4292 cur

354 4327 454 4382 vivere
473 4329 588 4396 tempus
612 4328 643 4383 In
667 4329 755 4384 breve
779 4328 952 4397 sust1ueam]
977 4332 1055 4395 μόνος
1075 4329 1097 4381 δ’
1117 4329 1310 4393 crossum,
1330 4327 1360 4380 δι’
1381 4327 1410 4378 ὃν
1429 4329 1476 4393 ζην
1494 4327 1525 4376 ἂν

354 4416 418 4480 πρὸς
436 4415 531 4482 βραχὺν
549 4415 711 4482 ὑπομείναιμι
728 4417 830 4482 χρόνον.
