3410 5104
741 500 914 560 „47-

238 732 305 774 om.
359 711 432 773 356.
468 709 631 792 tenebant]
668 713 812 774 ἔσκεπον.
868 711 943 774 357.
979 707 1144 795 Ἀμφισον.
1196 709 1270 775 358.
1306 709 1414 793 sentit]

243 817 376 902 ησθετο.
426 817 501 880 359.
526 815 707 898 dueentem]
733 815 979 901 έκμυζῶντι.]5ί)
1026 820 1100 882 365.
1126 821 1179 881 καί
1204 818 1333 901 ζητοῦσι
1356 829 1417 883 ποῦ

239 925 341 1007 ἀνείη
355 923 501 1009 Δρυόπη·
517 925 645 1008 ζητοῦσι
658 920 687 987 δ’
698 925 826 1002 ἐκείνοις
838 926 896 1008 τὴν
912 925 1013 989 λωτὸν
1031 925 1142 1003 ἔδειξα.
1177 926 1252 989 368.
1266 925 1416 1009 habebat]

243 1035 281 1096 σὺ
305 1031 396 1117 είχες.
437 1033 511 1097 380.
536 1035 598 1097 κάν
621 1033 720 1117 τούτῳ
744 1042 788 1116 τῷ
817 1032 957 1118 στελέχει
982 1032 1084 1117 λέγειν
1101 1032 1122 1116 ἡ
1139 1030 1335 1118 ταλαίπωρος
1357 1035 1416 1119 ἐμὴ

241 1139 414 1224 κέκρυπται
444 1139 545 1225 μήτηρ
574 1161 616 1202 se.
647 1139 810 1223 ποιήσατε.
859 1139 933 1202 384.
964 1146 1077 1202 acutae
1101 1161 1163 1203 om.
1212 1141 1417 1216 387..¹venite

244 1268 306 1310 om.
354 1247 428 1311 388.
455 1247 547 1332 μέχρι
568 1250 604 1311 οὗ
629 1247 788 1331 ψαύεσθαι
813 1249 862 1310 οἵα
885 1242 912 1310 τ’
929 1247 998 1331 είμί.
1046 1244 1157 1329 391149.
1182 1247 1215 1324 ἐξ
1239 1246 1416 1332 ὀφθαλμῶν

242 1354 278 1418 δέ
303 1375 353 1438 μοι
375 1354 431 1430 τὰς
454 1364 560 1439 χεῖρας
583 1355 794 1439 ἀποστήσατε.
842 1350 928 1418 Ἰδοὺ
951 1354 1020 1440 γάρ,
1053 1353 1139 1439 ὑμῶν
1170 1356 1266 1438 μηδὲν
1290 1354 1417 1439 βοηθεῖν

244 1461 431 1546 δυναμένων,
457 1465 527 1538 τοὺς
551 1463 736 1546 ὀφθαλμοὺς
758 1462 959 1545 θνήσκοντας
975 1463 1081 1546 φλοιὸς
1098 1460 1339 1546 ἐπενηνεγμένος
1361 1483 1418 1524 κα·

244 1567 361 1632 λῦπτει.
403 1568 476 1631 396.
500 1569 628 1632 admoto
646 1591 707 1632 om.
749 1568 822 1633 398.
846 1569 910 1632 alto
929 1590 990 1632 om.
1038 1565 1148 1649 401s2.
1174 1578 1264 1632 τοῦτο
1289 1563 1316 1630 δ’
1333 1570 1416 1652 αὐτῷ

242 1677 279 1738 τὸ
312 1676 411 1759 δῶρον
445 1675 465 1758 ἡ
499 1686 553 1759 τῆς
585 1672 687 1759 Ἥρας
720 1677 837 1740 έδωκεν
869 1669 953 1760 Ἥβη
987 1677 1041 1738 καί
1073 1684 1127 1737 τοῦ
1160 1675 1274 1738 οἰκείου
1307 1675 1419 1759 ἀνδρὸς

239 1781 400 1859 ἀξιώσεως
431 1783 616 1866 ψττηθεῖσα.
662 1781 773 1865 40416.
809 1786 868 1846 οῦκ
900 1785 1031 1866 ἤνεγκεν
1059 1782 1080 1864 ἡ
1111 1780 1214 1866 Θέμις.
1261 1773 1336 1844 εΚαί
1358 1785 1418 1866 γὰρ

237 1888 304 1972 ἤδη
329 1882 441 1973 ’φησίν
464 1891 497 1952 αί
520 1887 623 1975 Θῆβαι
646 1888 821 1975 ἀξύμβατον
846 1899 968 1954 κινοῦσι
990 1888 1137 1973 πόλεμον.
1174 1888 1343 1964 Καπανεὺς
1359 1891 1418 1972 γὰρ

244 1997 312 2058 ἐκεῖ
333 1995 450 2077 ἥκιστα
474 1999 622 2081 πεφυκὼς
646 1999 690 2061 ὅτι
716 2001 756 2082 μὴ
773 2001 851 2081 πρδς
872 2006 926 2061 τοῦ
943 1996 1014 2072 Διὸς
1030 1996 1203 2079 νικηθῆναι
1219 1997 1272 2058 καί
1288 1995 1418 2080 ἀδελφοί

244 2103 300 2166 δύο
324 2103 513 2187 γενήσονται
536 2107 589 2168 καί
613 2115 679 2180 ταῖς
711 2105 846 2189 πληγαῖς
881 2102 1021 2187 ἀδελφοί.
1069 2105 1133 2165 414
1157 2124 1241 2185 sqq.:
1275 2103 1345 2166 τότε
1378 2103 1417 2185 δὴ

238 2206 332 2285 τέλος
365 2212 403 2273 ἐκ
442 2211 579 2295 μεγάλου
612 2211 682 2288 Διὸς
715 2212 735 2295 ἡ
770 2208 923 2296 Ἀχελωὶς
968 2209 1127 2294 αἰτήσεται
1158 2208 1323 2292 Καλλιρόη
1356 2220 1419 2286 τοῖς

243 2319 441 2402 γεννηθεῖσιν
477 2321 556 2402 αὐτῇ
583 2319 727 2404 βρέφεσιν
752 2322 804 2404 ἔτη
828 2319 1023 2403 προσθεῖναι,
1055 2319 1096 2392 ὡς
1131 2319 1169 2380 ἀν
1203 2317 1246 2401 μὴ
1281 2319 1334 2380 τὸν
1364 2327 1419 2380 τοῦ

243 2436 379 2509 τιμωροῦ
396 2426 534 2490 θάνατον
552 2425 745 2512 ἀτιμώρητον
762 2429 839 2490 είναι
855 2427 944 2508 ἐάση.
969 2423 1081 2501 49314.
1099 2434 1218 2508 νεμεσᾷ
1234 2419 1261 2487 δ’
1276 2425 1296 2508 ἡ
1313 2423 1418 2507 ξανθὴ

245 2531 399 2617 Δήμητρα
426 2532 647 2608 πολυωθέντος
674 2543 729 2596 τοῦ
759 2534 911 2608 ἐπιεικοῦς
938 2531 1078 2606 Αἴσονος.
1130 2533 1206 2594 426.
1235 2529 1418 2614 paciscitur]

244 2639 334 2724 ὁρμᾷ.
381 2639 456 2702 434.
496 2642 549 2702 καί
589 2641 674 2724 ὑμεῖς
713 2633 741 2702 δ’
772 2642 809 2704 ἀν
848 2639 991 2723 ἀμείμονι
1029 2649 1128 2701 ταῦτα
1163 2639 1249 2722 ψυχῇ
1288 2637 1418 2722 φέροιτε.

245 2745 357 2827 44011.
384 2747 510 2831 ἔκαμψε
533 2747 635 2811 τοίνυν
664 2750 704 2810 τὰ
727 2757 781 2810 τοῦ
809 2746 879 2822 Διὸς
908 2745 1033 2830 βήματα
1063 2748 1133 2820 τοὺς
1163 2747 1257 2820 θεοὺς
1285 2746 1339 2807 καί
1362 2747 1420 2807 οὐκ

243 2854 328 2917 ἔστιν
358 2855 439 2929 ὅστις
469 2855 586 2918 τούτων
618 2857 840 2938 ἀγανακτῆσαι
872 2853 982 2936 τολμᾷ,
1015 2851 1179 2937 βλέποντες
1210 2851 1421 2936 ἀπειρηκότας

244 2969 290 3044 τῷ
314 2958 419 3045 χρόνῳ
442 2953 679 3045 Ῥαδάμανθυν,
698 2959 818 3025 Αἰακόν
848 2983 882 3023 τε
911 2962 964 3023 καί
987 2959 1124 3024 Μένωνα.
1171 2959 1246 3022 451.
1271 2967 1338 3034 ταῖς
1360 2981 1420 3023 πα-

233 3065 358 3151 ,τρῴαις
381 3079 522 3151 καμπαῖς
546 3069 595 3132 ἐπί
618 3078 674 3151 της
698 3069 800 3153 ὄχθης
824 3067 974 3152 ἑπομένη.
1015 3067 1091 3130 453.
1116 3067 1272 3150 ἔγνωσται
1295 3065 1418 3149 Κυανῆ,

244 3174 381 3250 κάλλους
404 3174 593 3259 προέχοντος
616 3174 741 3259 Νύμφη.
774 3178 849 3239 456.
876 3174 1039 3258 Apollinei
1063 3195 1125 3237 om.
1165 3175 1241 3236 474.
1266 3174 1335 3256 ipsa
1357 3195 1419 3236 om.

245 3276 357 3363 4788).
383 3283 437 3344 καί
458 3281 598 3364 ἀρέσκει,
615 3283 670 3344 καὶ
687 3283 736 3344 οία
751 3277 779 3345 τ’
795 3281 835 3364 ἦν
862 3283 942 3364 εἴγε
960 3284 1000 3366 μὴ
1026 3281 1160 3364 ἀδελφὸς
1176 3281 1327 3364 ὑπῆρχεν,
1345 3281 1419 3362 ἐροῖν

247 3389 285 3450 ἀν
310 3387 415 3451 αὐτοῦ.
464 3385 576 3470 484ί5.
610 3388 712 3472 πόσην
745 3390 862 3472 ἡδονὴν
895 3389 1028 3472 ἤνεγκαί
1075 3389 1172 3452 πέσον
1197 3409 1255 3472 μου
1280 3395 1420 3471 φανερῶς

249 3494 270 3577 η
295 3494 399 3580 τέρψις
421 3496 524 3579 ἥψατο
548 3495 753 3580 κοιμωμένης,
779 3497 830 3560 έπῖ
847 3494 961 3580 μυελόν
984 3517 1035 3580 μοι
1049 3497 1152 3560 πάντα
1173 3493 1418 3580 σχεδιασθεῖσαί

247 3602 321 3664 490.
349 3599 461 3664 Cauno
485 3623 547 3664 om.
594 3600 706 3684 491β2.
732 3599 824 3666 πάντ’
856 3601 1009 3685 ἐποίησαν
1042 3604 1079 3665 ἂν
1112 3603 1141 3665 οἱ
1168 3602 1250 3680 θεοί,
1275 3603 1362 3684 εἴπερ
1388 3603 1420 3664 ἐν

247 3705 351 3789 μόνοις
383 3717 446 3782 τοῖς
471 3709 608 3784 πάπποις
631 3707 668 3792 ἧν
692 3710 762 3793 ημῖν
786 3709 942 3773 κοινωνία.
989 3708 1139 3792 Ηύξάμην
1176 3704 1204 3771 δ’
1234 3712 1271 3771 ἀν
1307 3728 1343 3770 σε
1367 3711 1421 3770 καί

247 3813 464 3897 εὐγενέστερον
474 3815 637 3899 γεγονέναι
648 3836 715 3899 μου.
741 3817 815 3878 497.
830 3815 1042 3899 an—pondus
1054 3836 1115 3878 om.
1142 3816 1216 3878 500.
1230 3816 1287 3898 τὴν
1299 3815 1419 3897 Τηθύν.

245 3919 321 3982 504.
356 3927 431 3984 ante
465 3942 527 3984 om.
576 3923 648 3985 506.
675 3918 748 3986 ἀλλ’
779 3925 872 4007 ὅμως.
922 3925 996 3984 511.
1021 3923 1095 3985 οὐδὲ
1123 3925 1183 4006 γὰρ
1209 3919 1422 4005 φιληθήσεταί

248 4048 297 4110 μοι
320 4037 357 4111 τῇ
383 4029 506 4113 ἀδελφῇ
530 4030 546 4091 ὁ
571 4029 707 4111 ἀδελφὸς
731 4031 776 4092 ὅτι
800 4030 843 4113 μὴ
869 4032 941 4093 δ’σον
966 4029 1047 4093 ἐστίν
1071 4030 1240 4113 ἔνθεσμον.
1270 4029 1342 4090 514.
1361 4051 1421 4091 τοι·

344 4187 408 4250 151)
430 4186 620 4255 Interpretem
642 4186 828 4255 „sugentem“
854 4187 1002 4242 invenisse
1026 4188 1104 4255 puto,
1126 4186 1232 4241 511111
1253 4189 1304 4241 512
1328 4201 1421 4256 neque

247 4273 344 4338 habet,
365 4290 438 4343 quas
467 4275 564 4342 ducat,
585 4277 706 4345 spiritus
735 4276 832 4344 auras]
861 4281 908 4327 καί
933 4278 983 4328 σῦκ
1011 4279 1072 4342 ἔσχε
1097 4280 1155 4327 τίνα
1178 4292 1243 4327 ποτε
1261 4277 1422 4338 ἀναπνεῦσας

245 4367 328 4427 αῦραν
347 4364 488 4418 έλκῦσειεν.
