3410 5104
803 441 844 454 ..
871 409 912 472 56
930 414 973 453 1ι.

308 624 382 688 348.
417 621 458 684 ad
492 618 671 703 ,‚armenti“
705 621 777 684 add.
809 630 863 684 τοῦ
897 619 1038 703 Πηλέως.
1103 620 1176 684 349.
1213 622 1268 684 καί
1301 618 1326 685 ὦ
1358 619 1476 704 Πηλεῦ,

307 731 413 815 Πηλεῦ
448 729 572 814 μεγάλε.
630 729 704 792 351.
738 731 793 791 καὶ
826 728 980 812 μετέωρός
1014 729 1110 791 ἐστιν·
1143 728 1226 792 ἀλλά
1256 731 1309 792 καί
1342 731 1433 804 αὐτὸς
1461 729 1478 791 ὁ

308 837 472 922 Τραχίνιος
493 839 579 920 ἥρως
599 845 641 921 τῷ
665 835 751 920 φόβῳ
772 835 884 920 τρέμει.
945 835 1019 900 358.
1041 833 1175 916 instant]
1197 835 1359 921 ὑπερεῖχον
1375 866 1407 884 =
1424 857 1478 898 ex-

308 942 466 1023 stantflffi)
520 946 594 1007 367.
625 943 705 1028 μέγα
728 944 789 1026 γάρ
818 964 847 1006 τι
876 942 991 1026 θηρίον
1027 941 1121 1018 λύκος
1153 952 1209 1026 τῆς
1237 943 1359 1027 λόχμης
1388 943 1479 1021 ἔξεισι

307 1055 362 1116 καὶ
413 1062 467 1115 τοῦ
513 1052 601 1124 ἕλους
637 1087 675 1110 =
711 1051 863 1134 silviaque
910 1048 1179 1134 palustribus.¹⁸⁶)
1251 1050 1325 1114 367.
1366 1049 1478 1135 spisso]

307 1158 478 1245 παχεῖίθί)
517 1159 590 1222 368.
609 1157 799 1244 πρηστήριος
817 1189 849 1208 =
866 1157 1050 1222 fulmineus.
1097 1157 1171 1221 372.
1197 1155 1305 1240 omne]
1330 1161 1478 1235 ἅπαντας.

308 1269 382 1331 376.
408 1275 456 1330 eet
479 1289 540 1330 om.
589 1261 700 1348 380ll.
727 1261 797 1330 ἀλλ’
826 1267 876 1330 ἐπί
904 1275 975 1329 νοῦν
999 1265 1155 1349 ἐλάμβανε
1183 1268 1219 1330 τὸ
1243 1266 1479 1351 άνοσιούργημα

307 1373 393 1458 (add.
413 1370 529 1456 Boios.)
552 1376 608 1437 καί
630 1374 689 1456 τὴν
706 1372 853 1456 Νηρηίδα
876 1383 929 1436 τοῦ
946 1373 1055 1449 παιδὸς
1080 1375 1323 1457 όρφανισθεῖσαν
1346 1376 1401 1437 καί
1424 1373 1479 1454 την

309 1483 423 1567 ζημίαν
447 1483 565 1564 ταύτην
581 1490 624 1566 τῷ
648 1478 799 1545 τεθνεῶτι
824 1479 931 1564 Φώκῳ
952 1480 1084 1565 πέμπειν
1106 1481 1252 1544 ἐπείθετο
1277 1481 1477 1566 ἐναγίσματα.

308 1590 381 1654 383.
416 1589 594 1673 όαέθέριος
619 1588 772 1674 βασιλεύς.
819 1587 894 1651 386.
921 1588 1026 1652 disicit
1056 1589 1114 1652 hos
1147 1585 1245 1673 ipsos]
1279 1589 1423 1672 διέστησέ
1445 1610 1480 1652 τε

307 1699 435 1772 πάντας.
484 1697 556 1760 398.
583 1697 762 1781 Ψαμάθην.
809 1695 921 1773 40112.
946 1699 1000 1760 καί
1024 1697 1040 1760 δ
1064 1697 1167 1774 λύκος,
1193 1698 1231 1760 ἐκ
1258 1707 1312 1760 τοῦ
1340 1697 1478 1781 φθείρειν

307 1805 570 1889 ἀνακαλούμενος,
609 1807 725 1890 τραχὺς
765 1805 921 1868 ἐνίσταται
958 1815 996 1889 τη
1034 1804 1204 1888 γλυκύτητι
1246 1814 1301 1868 τοῦ
1340 1803 1476 1888 αἵματος.

307 1910 418 1994 40416.
445 1914 522 1998 ὁμοῦ
546 1913 579 1976 δὲ
606 1911 699 1976 τότε
729 1921 821 1996 σῶμα
844 1914 899 1974 καί
923 1921 1035 1996 χρῶμα
1065 1913 1220 1977 δείκνυσιν
1249 1914 1341 1976 αύτύν
1371 1911 1480 1996 μηκέτι

307 2018 404 2084 λύκον
429 2023 504 2084 ὄντα
530 2018 640 2104 μηκέτι
667 2018 772 2103 φοβεῖν
801 2018 1011 2104 ὀφειλόμενον.
1058 2015 1170 2099 41213.
1200 2015 1380 2103 βουλεύεται
1403 2021 1479 2102 πρός

309 2130 381 2203 τοὺς
406 2128 503 2210 ἱερούς
526 2129 689 2212 χρησμούς
712 2129 750 2189 τὰ
772 2135 833 2190 τῶν
854 2125 1032 2211 ἀνθρώπων
1057 2127 1315 2212 παραμυθηματα
1334 2124 1482 2209 <inseruit

312 2230 429 2317 Boias.)
452 2237 507 2297 καί
530 2237 606 2317 πρὸς
622 2233 760 2318 Κλάριον
786 2235 861 2298 θεόν
886 2231 992 2298 ἐλθεῖν
1009 2234 1212 2318 ἑτοιμάζεται.
1252 2236 1325 2298 419.
1351 2232 1479 2318 rigavit]

308 2341 439 2425 ἐπέδησε
465 2372 497 2390 =
529 2341 650 2424 ligavit.
708 2344 781 2404 422.
817 2351 877 2405 πού
910 2341 986 2405 ποτέ
1018 2343 1102 2406 ἐστιν
1136 2341 1156 2424 ἡ
1190 2345 1263 2426 πρίν
1294 2340 1371 2426 ὑπὲρ
1404 2344 1479 2426 ἐμοῦ

308 2450 440 2513 εἰωθυῖα
464 2451 629 2534 τυγχάνειν
658 2449 795 2533 φροντίς,
839 2448 913 2511 434.
940 2446 1275 2534 incommendataque]
1305 2451 1357 2512 καί
1380 2469 1480 2533 παρα-

307 2558 434 2622 δίδοται.
475 2559 550 2620 442.
575 2556 629 2620 καί
654 2555 718 2620 οὐδ’
742 2558 778 2621 ἂν
805 2559 834 2622 εί
847 2577 875 2621 τι
899 2558 1032 2642 πάθοιμι
1056 2557 1160 2621 δεύσω.
1200 2558 1274 2619 445.
1300 2558 1316 2620 ό
1341 2559 1480 2640 ἀστρῷος

307 2664 406 2749 Κήυξ.
459 2666 534 2728 452.
564 2665 592 2727 εἴ
620 2687 657 2748 με
682 2665 774 2748 μόνον
799 2667 889 2729 ἐῶσιν
918 2667 949 2728 αἱ
976 2663 1098 2748 Μοῖραι.
1147 2664 1222 2726 455.
1247 2665 1284 2726 ἐκ
1312 2673 1365 2728 τοῦ
1393 2685 1479 2740 νεως-

307 2773 394 2836 οίκου
420 2773 491 2836 add.
541 2771 614 2834 493.
639 2773 660 2855 ἢ
685 2773 714 2836 τί
737 2769 805 2837 ποτ’
830 2776 868 2836 ἂν
892 2772 1008 2836 ἐθέλοι.
1056 2775 1131 2836 496.
1157 2771 1303 2856 ἐμβολαῖς
1331 2773 1479 2856 κυμάτων

307 2891 391 2962 κῦμα
408 2880 574 2964 βαρύνεται
601 2883 656 2944 καὶ
681 2881 821 2965 βρονταῖς
845 2882 861 2944 ό
885 2881 993 2964 αἰθήρ.
1042 2881 1116 2943 498.
1141 2883 1197 2943 καὶ
1221 2890 1259 2965 τῇ
1287 2889 1349 2943 τῶν
1374 2882 1480 2965 ἀφριῦν

308 2991 391 3072 ἄχνη
416 2997 477 3052 τῶν
502 2997 602 3070 νεφῶν
626 2989 794 3052 ἅπτεσθαι.
841 2991 915 3053 499.
945 2989 1068 3072 ξανθὴν
1093 2990 1129 3051 ἐκ
1152 2999 1205 3052 τοῦ
1235 2988 1356 3072 βάθους
1380 2990 1480 3072 ἄμμον

308 3093 544 3179 ἀναβάλλουσα.
556 3093 609 3172 ¹⁸⁸)
650 3098 722 3158 512.
741 3097 796 3158 ubi
814 3118 847 3159 se
865 3147 871 3158 .
892 3097 1091 3160 admiserat
1111 3093 1212 3177 unda]
1234 3105 1289 3180 της
1311 3095 1481 3178 θαλάσσης

310 3201 621 3287 συμφυρομένης.189)
662 3205 735 3266 522.
762 3203 927 3287 micantia]
953 3203 1150 3268 ἀπειλοῦσαι.
1191 3203 1265 3267 523.
1298 3197 1481 3286 ardescunt]

356 3491 357 3496 ¹
399 3471 463 3535 185)
485 3470 525 3524 df.
545 3469 764 3524 Χ11352Ῥιπέα
783 3473 828 3520 τόν
847 3454 1051 3537 ύπερανέχοντα,
1071 3486 1136 3526 cum
1157 3471 1268 3526 instare
1287 3471 1316 3525 in
1331 3469 1482 3522 ἐπικεῖσθαι

308 3561 403 3614 vertat
422 3559 456 3614 ol.
478 3559 515 3614 111
529 3563 571 3627 82,
595 3558 615 3612 V
633 3563 690 3623 162,
711 3561 770 3627 602,
789 3559 841 3614 XII
857 3562 914 3623 134,
934 3560 998 3614 XIV
1017 3563 1077 3616 238.

398 3657 458 3724 186)
480 3657 519 3713 Of.
535 3675 562 3711 v.
583 3658 633 3713 269
654 3662 683 3713 et
702 3661 754 3713 408
774 3673 867 3728 vagus
887 3658 965 3727 exul]
986 3660 1087 3726 ἀλήτης
1107 3675 1135 3710 τε
1154 3663 1201 3710 καὶ
1220 3662 1314 3725 φυγάς.

397 3757 459 3818 187)
480 3756 582 3811 Crasso
602 3757 750 3812 invenisse
771 3757 893 3826 videtur,
908 3758 986 3827 quod
999 3759 1111 3828 spissus
1125 3759 1154 3813 in
1174 3761 1272 3820 πυκνός
1294 3758 1360 3824 123,
1384 3757 1480 3824 11621,

306 3848 504 3912 πεπυκνωμένος
526 3847 575 3902 Vll
596 3850 656 3910 528,
680 3849 790 3912 συνεχής
810 3847 935 3908 1111438,
955 3848 1005 3902 XV
1025 3852 1084 3917 718,
1104 3851 1233 3916 στεγανός
1257 3847 1295 3903 IX
1313 3851 1365 3904 223
1386 3847 1481 3902 vertit.

308 3935 427 3990 Crassus
447 3939 542 3991 autem
563 3937 619 3991 nisi
639 3937 694 3991 hoo
713 3937 777 3991 loco
796 3937 827 3991 in
846 3935 1125 4008 Metamorphosesin
1146 3954 1201 3994 non
1222 3938 1337 4007 legitur.

398 4035 459 4099 188)
485 4033 559 4110 Quid
578 4035 732 4101 invenerit,
753 4035 859 4102 nescio,
881 4051 947 4091 oum
975 4037 1046 4092 alibi
1075 4037 1160 4092 alitor
1185 4041 1280 4090 vertat
1309 4052 1426 4092 verrere
1446 4035 1481 4106 ol,

308 4122 345 4177 VI
359 4127 410 4179 706
431 4127 573 4189 συστρέφει,
592 4123 681 4178 Χ701
701 4127 914 4190 καταγράφεται,
933 4125 973 4180 Χί
993 4128 1038 4182 166
1058 4127 1159 4188 ἐπιξύει.

399 4223 460 4286 189)
481 4221 556 4288 Quid
574 4223 728 4290 invenerit,
741 4224 853 4280 nescio:
872 4224 902 4278 in
923 4228 1104 4291 συμφυρομένα
1126 4225 1213 4279 vertit.
1229 4227 1367 4293 congesta
1381 4225 1415 4291 (7)
1433 4225 1482 4296 18,

325 4326 418 4367 ,που
442 4315 481 4368 15.
