3410 5104
707 575 869 641 *49-

207 815 314 881 πομαι,
339 789 456 879 ἀμέλει,
481 796 536 858 καί
568 793 594 858 εί
627 793 712 878 θηλυ
745 802 800 858 τοῦ
832 801 888 857 σοῦ
920 799 1050 856 τοκετοῦ
1082 787 1248 877 προελθεῖν
1280 786 1375 876 τύχοι.

208 900 318 986 68516.
344 903 365 986 ή
391 903 426 966 δέ
450 902 530 985 γυνή
551 911 704 986 προιοῦσα
719 902 779 984 ήδη
796 902 854 983 τήν
877 901 972 985 νηδὺν
988 899 1181 964 πεπανθέντι
1203 908 1247 983 τῷ
1272 897 1377 982 φύρτῳ

208 1012 326 1094 έφερεν.
376 1010 438 1073 603
463 1015 535 1094 post
559 1010 632 1072 694.
681 1009 755 1072 693.
781 1011 797 1072 ὅ
820 1030 854 1072 τε
877 1007 992 1086 πιέζων
1008 1007 1066 1091 τήν
1083 1007 1191 1091 φωνήν
1207 1002 1377 1089 Ἐφιάλτης
1447 1013 1451 1022 ’

208 1118 367 1203 βαρυχνοῖς
390 1119 444 1180 καὶ
467 1125 510 1202 τῷ
536 1117 682 1200 δακτύλῳ
709 1118 829 1199 σιωπήν
852 1115 984 1179 πείθων.
1034 1116 1107 1178 699.
1138 1116 1194 1178 καί
1219 1108 1293 1197 μηδ’
1317 1113 1377 1177 δτι-

208 1235 260 1290 οῦν
285 1224 419 1302 δίσταζε.
469 1225 542 1288 704.
569 1220 695 1304 Cressa]
725 1223 746 1306 ἡ
772 1224 807 1286 δέ
829 1221 919 1307 γυνή.
967 1223 1040 1285 706.
1070 1225 1126 1286 καί
1150 1220 1309 1306 ἐγεννήθη
1334 1229 1377 1305 τῷ

207 1335 302 1416 πατρί
326 1334 487 1416 ἀγνοοῦντι
511 1332 669 1415 θυγάτηρ.
681 1329 736 1412 162)
769 1332 843 1394 708.
860 1325 938 1414 ficti]
956 1329 1048 1414 έργον
1065 1367 1097 1387 =
1115 1328 1201 1392 facti.
1241 1331 1315 1394 711.
1332 1329 1377 1393 ὅτι

208 1439 246 1522 δή
270 1441 373 1503 κοινὸν
397 1440 437 1522 ήν
461 1439 565 1523 ἀρρενί
594 1461 629 1502 τε
661 1441 715 1502 καί
748 1437 852 1521 θήλει,
877 1439 934 1500 καί
966 1438 1023 1500 οὐκ
1057 1439 1138 1500 ἔστιν
1163 1437 1196 1501 ὃν
1219 1433 1292 1519 (οὐκ
1315 1437 1377 1500 del.

207 1542 325 1628 Βοίεε.)
360 1548 398 1610 ἀν
423 1544 618 1629 ἀπατήσειεν
653 1547 684 1609 έν
720 1539 840 1628 ἐκείνῳ.
889 1546 962 1606 718.
999 1546 1052 1607 καί
1076 1544 1135 1608 ὑπὸ
1159 1543 1377 1629 φιλανθρώπῳ

208 1653 312 1738 ἀπάτη
337 1653 549 1736 ἀνεπίληπτον
574 1653 688 1736 ψεῦδος
712 1649 959 1736 expectarem)
1022 1653 1095 1714 714.
1118 1650 1232 1732 fuerat]
1258 1653 1294 1715 ἀν
1320 1653 1376 1736 εἴη.

208 1763 282 1823 716.
306 1756 395 1844 Ἶφις.
443 1761 516 1823 717.
543 1763 598 1824 καί
626 1759 808 1845 περιβόητος
838 1761 870 1822 έν
898 1769 963 1835 ταῖς
991 1759 1158 1823 Φαιστιάσι
1187 1761 1243 1822 καί
1265 1759 1377 1823 κάλλει

181 1869 315 1953 ’γέγονε
349 1871 403 1932 καὶ
437 1870 542 1952 προικί
576 1868 735 1953 παρθένος
769 1868 837 1932 κτλ.
886 1869 961 1932 783.
986 1869 1015 1931 οί
1039 1867 1073 1930 δέ
1096 1889 1133 1951 γε
1156 1868 1300 1945 τεκύντες
1322 1868 1377 1952 τήν

206 1997 242 2059 γε
264 1975 382 2040 τούτων
406 1975 555 2059 συζυγίαν
588 1977 641 2039 καί
664 1978 719 2059 τήν
742 1975 940 2060 προθεσμίαν
974 1983 1028 2038 τοῦ
1052 1985 1162 2060 καιροῦ
1185 1984 1245 2039 τῶν
1268 1976 1377 2059 γάμων

207 2083 399 2168 ἐκδέχονται.
449 2085 523 2145 724.
548 2079 658 2166 Ἰάνθη
693 2077 730 2163 δ’,
754 2084 788 2147 δν
823 2085 900 2167 ᾤετο
928 2083 1093 2167 τυγχάνειν
1124 2084 1231 2165 ἀνδρα,
1267 2083 1378 2166 ἑαυτῆς

206 2185 292 2273 (add.
318 2185 436 2274 Boiss.)
459 2190 603 2254 πείθεται
626 2192 714 2254 είναι.
761 2196 834 2274 post
868 2190 948 2253 729:
983 2188 1151 2273 φείδεσθαι
1187 2189 1325 2274 ὤφελον·
1351 2192 1377 2254 εἰ

207 2293 234 2361 δ’
249 2293 302 2362 ούν
319 2293 391 2361 ἀλλ’
407 2297 570 2362 ἐθέλουσιν
595 2297 761 2374 ἀπολέσαι,
787 2300 917 2381 φυσικὸν
940 2307 1015 2380 γοῦν
1038 2299 1139 2362 κακὸν
1155 2300 1210 2361 καὶ
1234 2299 1266 2376 ἐξ
1283 2299 1378 2375 ἔθους

207 2405 340 2490 ὤφειλον
375 2405 559 2470 δεδωκέναι.
609 2405 682 2468 736.
718 2402 835 2490 Κρήτη.
896 2407 969 2469 750.
1005 2406 1092 2481 ἐλπίς
1126 2407 1188 2490 γάρ
1225 2408 1319 2489 ἐστιν,
1354 2408 1375 2491 ii

206 2511 333 2598 δέχεται
356 2515 411 2576 καί
434 2512 520 2589 ἐλπίς
542 2515 563 2597 ή
586 2512 690 2597 τρέφει
713 2515 765 2576 τδν
791 2515 901 2596 έρωτα.
935 2514 1008 2576 756.
1028 2513 1081 2597 μία
1105 2511 1198 2598 μερίς.
1233 2514 1306 2577 778.
1324 2518 1377 2578 καί

207 2625 305 2706 έγνων
329 2621 441 2703 πάντα,
465 2620 517 2685 τάν
541 2643 575 2684 τε
603 2621 773 2705 φερόμενον
801 2622 882 2705 ήχον
910 2624 964 2684 καί
992 2621 1045 2684 τὸν
1073 2630 1135 2685 τιῦν
1163 2621 1377 2707 κρατουμένων
1464 2683 1468 2692 ,

208 2728 358 2812 σείστρων
382 2728 513 2813 χαλκόν.
548 2729 621 2791 780.
646 2729 691 2791 ὅτι
714 2749 748 2790 τε
771 2729 806 2792 τδ
829 2734 895 2810 φῶς
911 2729 967 2810 ήδε
985 2727 1091 2812 βλέπει
1108 2731 1163 2792 καὶ
1179 2731 1238 2791 οὐκ
1254 2728 1377 2794 ἀνεῖλον

206 2833 322 2918 ταύτην
347 2837 419 2919 ἐγὼ,
444 2835 576 2920 ὑμετέρα
600 2835 696 2920 βουλή
720 2835 830 2899 τεκαὶ
855 2836 954 2919 δῦρύν
979 2837 1068 2899 ἐστιν.
1104 2837 1165 2898 797
1171 2885 1176 2898 .
1201 2839 1256 2899 καί
1275 2839 1377 2902 συνὼν

207 2945 316 3018 αὐταῖς
339 2944 364 3007 δ’
378 2938 538 3024 Ὑμέναιος
562 2981 594 3000 =
619 2943 798 3026 sociusque.

294 3059 335 3122 X.
362 3061 391 3121 1.
418 3059 595 3143 digreditur
624 3081 685 3122 0111.
716 3081 778 3143 que
807 3081 868 3123 0111.
918 3061 947 3122 8.
972 3059 1082 3144 nupta]
1108 3061 1128 3143 ἡ
1153 3061 1257 3145 νύμφη
1276 3060 1375 3144 Εύρυ-

207 3167 288 3250 δίκη.
336 3170 559 3231 9.110va01n.
603 3167 652 3229 14.
677 3169 730 3230 καί
755 3166 891 3230 εἰδώλων
914 3167 1022 3250 τάφοις
1045 3168 1224 3252 χρωμένων.
1267 3169 1316 3234 18.
1334 3172 1376 3246 εἰς

207 3277 240 3338 δν
265 3275 510 3360 καταπίπτομεν.
521 3274 576 3356 164)
610 3275 805 3338 23.est0111.
839 3275 891 3338 32.
909 3276 1086 3360 πάνταγὰρ
1108 3278 1178 3361 ὑμῖν
1203 3277 1375 3361 ὀφείλομεν.

208 3384 259 3447 50.
284 3377 490 3468 Ῥοδάπειρος.
531 3383 581 3446 58.
608 3377 745 3466 certans]
770 3383 954 3466 πειρωμένη.
997 3385 1047 3446 61.
1072 3384 1101 3447 τί
1117 3385 1231 3468 δήποτε
1254 3389 1325 3470 γάρ,
1351 3388 1377 3449 εἰ

208 3490 251 3574 μὴ
275 3485 366 3566 τοῦτ’,
393 3490 538 3574 ἐγκαλεῖν
562 3489 644 3575 εἶχεν
667 3492 762 3574 αὐτῷ,
787 3493 832 3554 δ’τι
857 3491 896 3573 δή
920 3491 1038 3574 ταύτης
1061 3491 1129 3577 ήρα.
1180 3489 1268 3576 6819.
1294 3493 1377 3557 ἀλλά

207 3597 245 3680 δή
269 3600 325 3660 καί
349 3598 366 3661 ὁ
388 3598 444 3679 τήν
469 3595 621 3682 ἁμαρτίαν
646 3599 688 3674 εἰς
713 3599 823 3663 ἑαυτὸν
840 3598 976 3675 ἑλκύσας
999 3596 1130 3675 Ὤλενος
1155 3600 1210 3663 καί
1233 3601 1378 3685 θελήσας

207 3703 345 3788 λυπηρὸς
369 3705 472 3769 δοκεῖν
497 3703 584 3769 είναι.
633 3706 684 3768 98.
719 3711 751 3767 et
785 3706 872 3768 bacis
909 3707 1037 3769 caerula
1072 3704 1169 3787 tirius]
1207 3711 1260 3772 καί
1285 3709 1376 3772 ἐλαία

297 3925 359 3993 162)
379 3925 434 3982 Sed
458 3927 493 3982 cf.
514 3927 564 3982 XV
580 3930 609 3982 19
638 3931 685 3979 καί
714 3930 767 3994 γάρ
795 3928 924 3995 ἐγεννήθη
944 3945 982 3990 τις
1010 3929 1135 3995 Ἀλήμονι
1162 3937 1198 3996 τῷ
1227 3931 1377 3998 Ἀγρολικῷ

206 4015 337 4078 Μίκαλος.

300 4107 359 4172 163)
387 4107 539 4162 Invenitne
562 4107 758 4177 impercepta?
797 4107 837 4163 Cf.
867 4108 989 4164 1111455
1021 4108 1129 4178 gaudia
1159 4109 1299 4180 percepit]
1330 4113 1377 4177 τὴν

207 4195 365 4262 εῦφροσῦνην
384 4198 517 4261 ἀνέλαβεν,
538 4196 602 4251 ViII
620 4199 672 4251 128
692 4212 749 4252 μου
768 4197 844 4252 ullas
863 4199 987 4268 percipit
1006 4197 1103 4267 auras]
1125 4201 1180 4251 οὐδ’
1193 4202 1279 4251 ὁτιοῦν
1296 4203 1376 4264 ἀέρος

207 4285 393 4351 ἀπολαμβάνει.

299 4375 359 4440 164)
380 4374 425 4429 Ad
443 4375 516 4430 haec
531 4375 738 4432 Boisscnadius
757 4377 922 4433 annotarit:
949 4377 1037 4446 „legit
1057 4379 1085 4432 in
1106 4394 1158 4433 suc
1179 4378 1279 4434 codice
1298 4379 1376 4435 deci-

207 4461 330 4520 dimus“.
368 4463 424 4520 Sed
443 4465 479 4521 cf.
498 4464 524 4519 X
545 4469 595 4521 180
614 4464 745 4536 reccidit]
766 4470 905 4521 κατέπεσε.

262 4591 317 4632 orsu.
331 4590 358 4631 ιν,
373 4589 498 4633 κυειιιι.
1199 4580 1218 4631 4
