3410 5104
734 443 909 516 ..55-

235 665 333 750 μικρά
357 655 511 730 Ὕπαίπια
533 662 632 750 λήγει.
684 665 754 729 159.
781 687 946 730 caveum.
997 661 1107 748 163s4.
1134 669 1212 752 μετὰ
1241 665 1276 732 δὲ
1299 660 1406 734 τοῦτον

108 825 111 832 .
233 773 392 859 όΦοῖβος
415 776 450 838 τό
475 773 576 859 στόμα
598 774 738 838 λέλυκεν.
786 775 862 838 όδὲ
885 775 1018 861 Τμῶλος
1048 778 1125 859 πρός
1148 777 1183 840 τό
1210 786 1265 839 τοῦ
1289 777 1407 862 Φοίβου

235 881 335 966 στόμα
369 885 404 946 τό
436 882 606 967 πρόσωπον
639 881 750 968 ἔτρεψε
782 886 838 946 καί
868 885 888 969 ἡ
920 884 1021 947 οἰκεία
1051 883 1155 969 λόχμη
1187 884 1287 968 τούτῳ
1317 895 1409 948 πᾶσα

235 989 523 1074 συνηκολούθησεν.
534 987 586 1071 181)
629 990 700 1054 167.
726 990 822 1075 λύραν
846 988 1167 1076 πεποικιλμένην.]32)
1216 993 1288 1054 177.
1312 990 1406 1074 imas]

233 1097 356 1173 ταύτας.
416 1093 524 1180 Isou.
560 1101 615 1162 καί
649 1101 705 1182 τὴν
740 1107 801 1163 τῶν
836 1099 1001 1184 κροτάφων
1037 1099 1229 1184 αἰσχρότητα
1265 1108 1408 1184 πορφυρᾷ

233 1216 377 1289 πειρᾶται
399 1203 570 1271 καλύπτειν
598 1207 700 1292 τιάρᾳ.
750 1207 821 1270 185.
850 1216 894 1292 τῷ
924 1207 1037 1292 μηκέτι
1064 1207 1210 1292 κατέχειν
1239 1206 1406 1271 δύνασθαι.

236 1313 307 1376 197.
333 1313 486 1396 profundi
510 1335 571 1378 om.
616 1315 687 1378 198.
712 1323 755 1398 τῷ
779 1313 986 1400 Πανομφαίῳ.
1027 1316 1101 1378 204.
1127 1309 1287 1397 aedificat]
1313 1317 1407 1398 ἄμφω

233 1421 402 1484 ἀνιστᾶσιν.
442 1419 566 1505 pactus]
583 1423 880 1506 συμπεφωνηκότες.
900 1475 901 1480 ,
921 1424 996 1487 209.
1013 1425 1067 1485 καί
1089 1420 1131 1498 είς
1147 1422 1216 1506 όψιν
1237 1421 1407 1506 θαλάσσης

232 1527 290 1610 τὴν
307 1538 365 1612 γῆν
382 1527 524 1613 ἐπέβαλε.
563 1527 636 1591 213.
654 1527 767 1610 dictos]
784 1529 890 1604 θείους
907 1560 940 1578 =
957 1529 1057 1593 divos.
1097 1525 1231 1611 219ί2ί).
1249 1529 1406 1613 siquidem

236 1633 345 1716 —uniI
367 1635 437 1712 Διός
462 1639 515 1721 μὲν
539 1639 599 1722 γὰρ
621 1639 748 1721 ἔγγονον
773 1639 832 1722 οὐχ
860 1639 914 1702 ένα
938 1633 1131 1722 συμβέβηκεν
1156 1634 1250 1701 είναι·
1274 1637 1407 1721 σύζυγος

211 1744 268 1807 δέ
291 1745 356 1808 θεά
379 1744 573 1830 συμβέβηκεν
590 1746 653 1828 ἤδη
679 1745 731 1809 ἑνί.
773 1746 846 1808 221.
863 1747 918 1808 καί
941 1747 1003 1829 γάρ
1024 1744 1078 1808 καί
1102 1746 1119 1809 ό
1138 1744 1238 1830 γέρων
1261 1743 1407 1829 Πρωτεὺς

234 1861 364 1937 προεῖπε
387 1863 425 1937 τῇ
449 1851 553 1917 Θέτιδι
578 1856 695 1930 ἐντοῖς
719 1855 810 1918 ύδασι
834 1853 1000 1938 ,,Σύλλαβε
1027 1854 1096 1918 κτλ.
1147 1853 1222 1918 233.
1252 1855 1322 1917 οὔτε
1347 1857 1406 1938 μὴν

232 1959 461 2045 κεκαλυμμένα
504 1962 600 2044 φύκια
639 1960 738 2045 φέροι.
807 1962 881 2025 251.
925 1964 1010 2025 κατά
1046 1963 1082 2025 τὸ
1122 1961 1242 2045 ψυχρόν
1286 1963 1405 2045 ἄντρον.

233 2067 307 2131 253.
333 2067 475 2150 centum]
506 2069 624 2154 μυρίας.
673 2069 747 2133 256.
777 2071 832 2133 καί
860 2079 922 2146 τοῖς
951 2069 1098 2154 ἐσχάτοις
1127 2069 1239 2132 ἑαυτοῦ
1268 2068 1406 2153 ῥήμασιν

233 2177 335 2259 ἀνῆκε
350 2176 564 2261 πομφόλυγας.
601 2174 712 2260 258ί9.
730 2177 951 2242 καταλιποῦσα
967 2179 1003 2241 τό
1019 2176 1166 2261 πέλαγος.
1207 2176 1281 2239 262.
1299 2175 1407 2260 μέχρις

232 2292 292 2347 τῶν
313 2284 436 2347 οἰκείων
460 2285 582 2367 ᾐσθετο
603 2285 800 2370 κατεχομένη
826 2284 927 2370 μελῶν
952 2287 1005 2348 καί
1030 2286 1071 2362 εἰς
1094 2284 1171 2368 μέρη
1196 2284 1329 2368 διάφορα
1352 2286 1407 2360 τὰς

232 2401 338 2476 χεῖρας
366 2391 504 2469 ἐξέτεινε.
557 2394 631 2455 267.
664 2393 801 2475 ἀδελφοῦ
829 2390 959 2455 Φώκου.
1013 2392 1087 2454 269.
1117 2393 1170 2456 καί
1199 2390 1324 2475 φυγάδα
1351 2401 1406 2454 τοῦ

232 2493 258 2561 τ’
283 2499 369 2562 οἴκου
392 2501 448 2562 καί
476 2508 532 2582 τῆς
555 2499 709 2583 πατρίδος.
762 2500 836 2561 272.
861 2504 1003 2562 maestus
1031 2519 1093 2562 om.
1151 2497 1225 2561 273.
1256 2519 1318 2582 que
1342 2519 1404 2561 om.

233 2606 307 2669 278.
337 2606 496 2690 εὐκαιρίας
529 2605 699 2690 γενομένης
727 2615 789 2681 τοῖς
818 2607 914 2681 οἴκοις
942 2615 996 2668 τοῦ
1025 2604 1177 2690 βασιλέως
1205 2605 1404 2690 προσελθεῖν.

233 2716 307 2777 279.
331 2714 470 2790 κλάδους
494 2717 600 2799 χερσίν
630 2714 804 2797 ίκετηρίους
830 2712 1011 2796 προτείνων.
1063 2713 1137 2776 285.
1167 2713 1343 2796 προστίθης
1371 2714 1405 2776 δὲ

233 2824 272 2885 σὺ
317 2831 355 2906 τῇ
393 2822 521 2904 τοιαύτη
569 2820 689 2906 διανοίᾳ
731 2820 821 2904 ἡμῶν
864 2822 919 2882 καί
965 2821 1093 2904 ἰσχυράς
1140 2817 1405 2904 ὑπομνήσειςίθ)

233 2929 307 2992 292.
325 2929 475 3014 νομίζετε.
508 2935 581 3012 post
594 2929 672 2991 292;
690 2929 771 3013 ἀνὴρ
789 2928 899 3012 γέγονε
915 2931 970 2990 καί
990 2925 1126 3011 τοσαύτη
1152 2949 1195 3003 τις
1218 2925 1256 3012 ἦν
1281 2927 1403 3012 αὐτῷη

231 3047 285 3101 τοῦ
302 3039 370 3113 νοός
390 3036 605 3119 σταθηρότης,
628 3035 742 3100 όπόσον
761 3035 830 3114 όξὺς
850 3034 887 3121 ἦν
908 3038 964 3099 καί
987 3045 1031 3120 τῷ
1052 3035 1179 3120 πολέμῳ
1201 3033 1405 3119 δυσπρόσιτος

231 3146 387 3227 καὶπρὸς
416 3144 483 3229 βίαν
511 3143 674 3228 εὐτρεπής.
722 3144 867 3229 Τούνομα
894 3143 1069 3208 Δαιδαλίων
1098 3141 1167 3208 κτλ.
1220 3145 1294 3206 299.
1324 3143 1403 3226 ἔθνη

232 3254 285 3316 καί
317 3249 528 3337 βασιλεῖςίθέ)
582 3253 647 3316 314
671 3259 743 3336 post
766 3254 840 3317 315.
888 3252 962 3315 317.
992 3250 1157 3336 Φιλήμων.
1205 3252 1279 3315 326.
1308 3248 1403 3332 tacet]

232 3370 342 3423 κεῖται.
383 3359 456 3422 327.
475 3381 537 3444 que
557 3381 619 3423 om.
661 3359 734 3424 328.
757 3361 796 3444 ἢν
817 3361 833 3423 ό
853 3360 1053 3445 ταλαίπωρος
1073 3361 1136 3443 ἐγὼ
1157 3359 1197 3442 δὴ
1219 3358 1403 3444 περιβαλὼν,
1472 3427 1474 3432 ,
1571 3361 1574 3367 ’

232 3467 309 3551 ὁμοῦ
337 3486 371 3529 τε
398 3464 623 3551 πατραδελφού
652 3467 753 3551 λύπην
781 3469 903 3552 ἤνεγκα
932 3477 969 3552 τη
998 3467 1094 3550 ψυχῇ.
1147 3465 1221 3528 337.
1251 3487 1313 3549 que
1342 3488 1403 3529 om.

232 3573 306 3678 343.
325 3577 381 3638 καί
396 3576 453 3658 τὴν
469 3575 602 3660 ἀρχαίαν
620 3573 758 3659 ἐτήρησε
774 3573 890 3660 ῥύμην,
909 3575 1018 3660 ῥύμην
1033 3585 1088 3638 τοῦ
1107 3573 1250 3658 σώματος
1268 3573 1403 3657 μείζονα.

323 3716 384 3781 181)
402 3715 518 3771 Invenit
541 3715 632 3784 igitur
660 3719 690 3770 et
708 3717 798 3771 vertit
825 3715 1055 3784 dittographiam
1083 3713 1205 3768 resolvit
1226 3715 1256 3776 ÷
1278 3715 1403 3769 retorsit.

325 3805 383 3870 182)
413 3803 487 3873 Quid
515 3805 646 3860 invend?
696 3805 841 3861 Instruere
878 3807 992 3860 vertere
1027 3805 1102 3860 solet
1132 3803 1163 3858 in
1194 3805 1404 3866 κατασκευάζειν

232 3894 269 3950 IV
287 3897 347 3959 763,
371 3895 502 3962 V11276,
530 3895 559 3950 in
588 3897 745 3958 εὐτρεπίζειν
766 3895 828 3950 VIII
847 3897 908 3963 572,
927 3895 958 3950 in
987 3895 1101 3958 ὁπλίζειν
1129 3893 1255 3958 V11196,
1283 3894 1313 3948 in
1333 3909 1403 3956 περι-

232 3985 348 4036 στέλλειν
359 3985 396 4040 VI
408 3988 468 4049 591,
486 3985 667 4054 distinguere
680 3985 711 4040 In
724 3987 879 4051 διαγράφειν
889 3985 913 4040 V
925 3987 985 4052 266,
999 3987 1141 4047 διακρίνειν
1154 3982 1191 4038 VI
1207 3987 1249 4052 86,
1262 3984 1405 4050 χρωννύναι

233 4073 345 4138 111221,
364 4075 538 4143 iustringere
558 4077 656 4130 autem
674 4075 731 4130 hoc
750 4089 808 4129 uno
828 4074 892 4129 Ioco
911 4073 1027 4128 dieitur.

323 4165 383 4230 183)
402 4164 593 4234 Interpretem
607 4163 819 4232 „monimenta“
840 4163 947 4232 legisse
965 4163 1076 4232 opium,
1094 4162 1210 4218 etiamsi
1223 4161 1303 4217 nullo
1317 4160 1404 4216 modo

232 4253 354 4322 probare
373 4269 500 4324 possum.

322 4344 382 4411 184)
402 4343 459 4399 Sed
478 4344 515 4402 cf.
534 4359 600 4400 ann.
622 4345 648 4400 7.
